ishanu@lightsabr.1938077:1668319046