@inproceedings{1582183,
 author = {G. C. Goodwin and J. C. Aguero},
 booktitle = {Proceedings of the 44th IEEE Conference on Decision and Control},
 doi = {10.1109/CDC.2005.1582183},
 issn = {0191-2216},
 month = {Dec},
 pages = {368--373},
 title = {Approximate EM Algorithms for Parameter and State Estimation in Nonlinear Stochastic Models},
 year = {2005}
}

@inproceedings{5990620,
 author = {Y. Wen and A. Ray and I. Chattopadhyay and S. Phoha},
 booktitle = {Proceedings of the 2011 American Control Conference},
 doi = {10.1109/ACC.2011.5990620},
 issn = {0743-1619},
 month = {June},
 pages = {5139--5144},
 title = {Modeling of symbolic systems: Part II - Hilbert space construction for model identification and order reduction},
 year = {2011}
}

@article{adegunsoye2019a,
 author = {Adegunsoye, A.},
 citation-number = {6.},
 doi = {10.1513/AnnalsATS.201812-883ED},
 journal = {Ann Am Thorac Soc},
 language = {en},
 number = {3},
 pages = {310–2},
 title = {Diagnostic Delay in Idiopathic Pulmonary Fibrosis: Where the Rubber Meets the Road},
 volume = {16},
 year = {2019}
}

@inbook{ah83,
 address = {Boston, MA},
 author = {J. R. Andrews and N. Hogan},
 doi = {10.23919/acc.1989.4790241},
 editor = {D. E. Hardt and W. Book},
 pages = {243--251},
 publisher = {ASME},
 title = {Impedance Control as a Framework for Implementing Obstacle Avoidance in a Manipulator},
 year = {1983}
}

@article{akpinar2019sample,
 author = {Akpinar, Nil-Jana and Kratzwald, Bernhard and Feuerriegel, Stefan},
 doi = {10.1609/aaai.v34i10.7144},
 journal = {arXiv preprint arXiv:1901.10289},
 title = {Sample Complexity Bounds for Recurrent Neural Networks with Application to Combinatorial Graph Problems},
 year = {2019}
}

@inproceedings{albawi2017understanding,
 author = {Albawi, Saad and Mohammed, Tareq Abed and Al-Zawi, Saad},
 booktitle = {2017 International Conference on Engineering and Technology (ICET)},
 doi = {10.1109/ICEngTechnol.2017.8308186},
 organization = {Ieee},
 pages = {1--6},
 title = {Understanding of a convolutional neural network},
 year = {2017}
}

@book{allenby2010count,
 author = {Allenby, Reginald BJT and Slomson, Alan},
 doi = {10.1201/9781439895153-13},
 publisher = {Chapman and Hall/CRC},
 title = {How to count: An introduction to combinatorics},
 year = {2010}
}

@article{alom2018history,
 author = {Alom, Md Zahangir and Taha, Tarek M and Yakopcic, Christopher and Westberg, Stefan and Sidike, Paheding and Nasrin, Mst Shamima and Van Esesn, Brian C and Awwal, Abdul A S and
Asari, Vijayan K},
 doi = {10.36227/techrxiv.17711444.v2},
 journal = {arXiv preprint arXiv:1803.01164},
 title = {The history began from alexnet: A comprehensive survey on deep learning approaches},
 year = {2018}
}

@article{alqarni2011clinical,
 author = {Alqarni, Abdullah M and Schneiders, Anthony G and Hendrick, Paul A},
 doi = {10.2519/jospt.2011.3457},
 journal = {journal of orthopaedic \& sports physical therapy},
 number = {3},
 pages = {130--140},
 publisher = {JOSPT, Inc. JOSPT, 1033 North Fairfax Street, Suite 304, Alexandria, VA~…},
 title = {Clinical tests to diagnose lumbar segmental instability: a systematic review},
 volume = {41},
 year = {2011}
}

@article{andrade2015examination,
 author = {Andrade, Chittaranjan},
 doi = {10.4088/JCP.15f10436},
 journal = {The Journal of clinical psychiatry},
 number = {11},
 pages = {0--0},
 publisher = {Physicians Postgraduate Press, Inc.},
 title = {Examination of participant flow in the CONSORT diagram can improve the understanding of the generalizability of study results},
 volume = {76},
 year = {2015}
}

@article{ang04,
 acmid = {982362},
 address = {Essex, UK},
 author = {Angluin, Dana},
 doi = {10.1016/j.tcs.2003.11.004},
 issn = {0304-3975},
 issue = {2},
 journal = {Theor. Comput. Sci.},
 month = {February},
 numpages = {20},
 pages = {175--194},
 publisher = {Elsevier Science Publishers Ltd.},
 title = {Queries revisited},
 url = {http://dl.acm.org/citation.cfm?id=982360.982362},
 volume = {313},
 year = {2004}
}

@inproceedings{ang09,
 author = {Dana Angluin and Leonor Becerra-Bonache and Adrian Horia Dediu and Lev Reyzin},
 bibsource = {DBLP, http://dblp.uni-trier.de},
 booktitle = {ALT},
 crossref = {DBLP:conf/alt/2009},
 doi = {10.1007/978-3-642-04414-4_17},
 ee = {http://dx.doi.org/10.1007/978-3-642-04414-4_17},
 pages = {171--185},
 title = {Learning Finite Automata Using Label Queries},
 year = {2009}
}

@article{ang80pos,
 author = {Angluin, Dana},
 doi = {10.1016/S0019-9958(80)90285-5},
 journal = {Information and Control},
 number = {2},
 pages = {117--135},
 title = {Inductive inference of formal languages from positive data},
 volume = {45},
 year = {1980}
}

@article{ang87,
 author = {Dana Angluin},
 bibsource = {DBLP, http://dblp.uni-trier.de},
 doi = {10.1007/BF00116828},
 ee = {http://dx.doi.org/10.1007/BF00116828},
 journal = {Machine Learning},
 number = {4},
 pages = {319--342},
 title = {Queries and Concept Learning},
 volume = {2},
 year = {1987}
}

@techreport{ang88,
 address = {New Haven, CT},
 author = {Angluin, D.},
 citeulike-article-id = {8969459},
 doi = {10.26481/umamet.2002067},
 institution = {Yale University},
 number = {YALEU/DCS/RR-614},
 posted-at = {2011-03-09 13:51:10},
 priority = {2},
 title = {{Identifying languages from stochastic examples}},
 year = {1988}
}

@inproceedings{ang92b,
 acmid = {129746},
 address = {New York, NY, USA},
 author = {Angluin, Dana},
 booktitle = {Proceedings of the twenty-fourth annual ACM symposium on Theory of computing},
 doi = {http://doi.acm.org/10.1145/129712.129746},
 isbn = {0-89791-511-9},
 location = {Victoria, British Columbia, Canada},
 numpages = {19},
 pages = {351--369},
 publisher = {ACM},
 series = {STOC '92},
 title = {Computational learning theory: survey and selected bibliography},
 year = {1992}
}

@article{anihamhu03,
 author = {D. A. Anisi and J. Hamberg and X. Hu},
 doi = {10.1007/s11768-003-0002-6},
 journal = {Journal of Control Theory and Applications},
 month = {Nov},
 title = {Nearly time-optimal paths for a ground vehicle},
 year = {2003}
}

@article{antoniou2014a,
 author = {Antoniou, K.M. and Symvoulakis, E.K. and Margaritopoulos, G.A. and Lionis, C. and Wells, A.U.},
 citation-number = {5.},
 doi = {10.1016/S2213-2600(13)70283-2},
 journal = {Lancet Respir Med},
 language = {en},
 number = {1},
 pages = {1},
 title = {Early diagnosis of IPF: time for a primary-care case-finding initiative?},
 volume = {2},
 year = {2014}
}

@article{ar89,
 author = {R. C. Arkin},
 doi = {10.1177/027836498900800406},
 journal = {The International Journal of Robotics Research},
 optnumber = {4},
 optpages = {92-112},
 optvolume = {8},
 title = {Motor Schema-Based Mobile Robot Navigation},
 year = {1989}
}

@book{armax,
 author = {Box, G.E.P. and Jenkins, G.M. and Reinsel, G.C.},
 doi = {10.1111/j.1467-9892.2009.00643.x},
 isbn = {9780130607744},
 lccn = {93034620},
 publisher = {Prentice Hall},
 series = {Forecasting and Control Series},
 title = {Time series analysis: forecasting and control},
 url = {http://books.google.com/books?id=sRzvAAAAMAAJ},
 year = {1994}
}

@article{as83,
 address = {New York, NY, USA},
 author = {Dana Angluin and Carl H. Smith},
 doi = {10.1145/356914.356918},
 issn = {0360-0300},
 journal = {ACM Comput. Surv.},
 number = {3},
 pages = {237--269},
 publisher = {ACM},
 title = {Inductive Inference: Theory and Methods},
 volume = {15},
 year = {1983}
}

@inproceedings{at02,
 author = {A.N. Trahtman},
 booktitle = {Second Haifa Workshop on Graph Theory, Combinatorics and Algorithms},
 doi = {10.1007/978-3-540-88282-4_4},
 title = {The existence of synchronizing word and Cerny Conjecture for some finite automata},
 year = {2002}
}

@book{athreya2006measure,
 author = {Athreya, Krishna B and Lahiri, Soumendra N},
 doi = {10.1017/9781108591034.002},
 publisher = {Springer Science \& Business Media},
 title = {Measure theory and probability theory},
 year = {2006}
}

@book{b95,
 author = {Brunk, H.D.},
 doi = {10.1093/aob/mcp223},
 publisher = {Xerox Publishing,Lexington, MA.},
 title = {An introduction to mathematical statistics,3rd Edn.},
 year = {1995}
}

@book{bailin1998applied,
 author = {Bailin, Hao and Wei-Mou, Zheng},
 doi = {10.1142/9789812816115_0004},
 publisher = {World scientific},
 title = {Applied symbolic dynamics and chaos},
 volume = {7},
 year = {1998}
}

@book{beran1994,
 author = {Beran, J.},
 doi = {10.1201/9780203738481},
 isbn = {9780412049019},
 lccn = {lc94014144},
 publisher = {Chapman \& Hall},
 series = {Monographs on statistics and applied probability},
 title = {Statistics for long-memory processes},
 year = {1994}
}

@article{bicp99,
 author = {S. Bogdanovic and B. Imreh and M. Ciric and T. Petkovic},
 doi = {10.5937/gufv1506083b},
 journal = {Novi Sad Journal of Mathematics},
 number = {2},
 pages = {31--74},
 title = {Directable automata and their generalizations - A survey},
 volume = {29},
 year = {1999}
}

@article{birnbaum1957bounds,
 author = {Birnbaum, Zygmund William and Klose, Orval M},
 doi = {10.1214/aoms/1177706794},
 journal = {The Annals of Mathematical Statistics},
 pages = {933--945},
 publisher = {JSTOR},
 title = {Bounds for the variance of the Mann-Whitney statistic},
 year = {1957}
}

@article{birnbaum1958distribution,
 author = {Birnbaum, ZW and McCarty, RC},
 doi = {10.1214/aoms/1177706631},
 journal = {The Annals of Mathematical Statistics},
 pages = {558--562},
 publisher = {JSTOR},
 title = {A Distribution-Free Upper Confidence Bound for $\backslash$Pr$\{$Y<X$\backslash$$\}$, Based on Independent Samples of X and Y},
 year = {1958}
}

@incollection{birnbaum2020use,
 author = {Birnbaum, ZW},
 booktitle = {Volume 1 Contribution to the Theory of Statistics},
 doi = {10.1525/9780520313880-005},
 pages = {13--18},
 publisher = {University of California Press},
 title = {On a use of the Mann-Whitney statistic},
 year = {2020}
}

@article{bjeg97,
 author = {A. Brazma and I. Jonassen and I. Eidhammer and D. Gilbert },
 doi = {10.1089/cmb.1998.5.279},
 journal = {J Comput Biol.},
 number = {2},
 pages = {279--305},
 title = {Approaches to the automatic discovery of patterns in biosequences},
 volume = {5},
 year = {1998}
}

@inproceedings{bk90,
 author = {J. Borenstein and Y. Koren},
 booktitle = {Proceedings of the 1990 IEEE International Conference on Robotics and Automation},
 doi = {10.1109/ROBOT.1990.126042},
 optaddress = {Cincinnati, Ohio},
 optmonth = {May 13-18},
 pages = {572--577},
 title = {Real-time Obstacle Avoidance for Fast Mobile Robots in Cluttered Environments},
 year = {1990}
}

@article{bk91,
 author = {J. Borenstein and Y. Koren},
 doi = {10.1109/70.88137},
 journal = {IEEE Journal of Robotics and Automation},
 month = {June},
 number = {3},
 pages = {278--288},
 title = {The Vector Field Histogram -- Fast Obstacle-Avoidance for Mobile Robots},
 volume = {7},
 year = {1991}
}

@article{bl07,
 author = {Bongard, Josh and Lipson, Hod},
 doi = {10.1073/pnas.0609476104},
 eprint = {http://www.pnas.org/content/104/24/9943.full.pdf+html},
 journal = {Proceedings of the National Academy of Sciences},
 number = {24},
 pages = {9943--9948},
 title = {Automated reverse engineering of nonlinear dynamical systems},
 url = {http://www.pnas.org/content/104/24/9943.abstract},
 volume = {104},
 year = {2007}
}

@book{bll90,
 address = {Cambridge, MA, USA},
 author = {J\'{e}r\^{o}me Barraquand and Bruno Langlois and Jean-Claude Latombe},
 booktitle = {The fifth international symposium on Robotics research},
 doi = {10.1109/iros.1992.601758},
 isbn = {0-262-13253-2},
 pages = {435--444},
 publisher = {MIT Press},
 title = {Robot motion planning with many degrees of freedom and dynamic constraints},
 year = {1990}
}

@article{blunsom2004hidden,
 author = {Blunsom, Phil},
 doi = {10.1002/9780471650126.dob0318.pub2},
 journal = {Lecture notes, August},
 number = {18-19},
 pages = {48},
 publisher = {Citeseer},
 title = {Hidden markov models},
 volume = {15},
 year = {2004}
}

@article{bondy2008graph,
 author = {Bondy, JA and Murty, USR},
 doi = {10.1002/jgt.v58:3},
 journal = {Grad. Texts in Math},
 title = {Graph theory (2008)},
 year = {2008}
}

@book{bp94,
 address = {Philadelphia, PA, USA},
 author = {A. Berman and R.J. Plemmons},
 doi = {10.1137/1.9781611971262},
 isbn = {0-89871-321-8},
 note = {Corrected republication, with supplement, of work first published in 1979 by Academic Press},
 publisher = {Society for Industrial and Applied Mathematics},
 title = {Nonnegative Matrices in the Mathematical Sciences},
 year = {1994}
}

@book{bp97,
 author = {Badii, R. and Politi, A.},
 doi = {10.1017/cbo9780511524691.010},
 publisher = {Cambridge University Press, United Kingdom},
 title = {Complexity hierarchical structures and scaling in physics},
 year = {1997}
}

@article{br86,
 author = {R. A. Brooks},
 doi = {10.1109/JRA.1986.1087032},
 journal = {IEEE Journal of Robotics and Automation},
 number = {1},
 pages = {14--23},
 title = {A Robust Layered Control System for a Mobile Robot},
 volume = {2},
 year = {1986}
}

@book{br97,
 author = {R.B. Bapat and T.E.S. Raghavan},
 doi = {10.1017/CBO9780511529979},
 publisher = {Cambridge University Press},
 title = {Nonnegative matrices and Applications},
 year = {1997}
}

@book{bs93,
 author = {Beck, C. and Schlogl, F.},
 doi = {10.1017/CBO9780511524585},
 publisher = {Cambridge University Press, United Kingdom},
 title = {Thermodynamics of chaotic systems: an introduction},
 year = {1993}
}

@article{c-phd,
 author = { I. Chattopadhyay},
 doi = {10.1007/s10626-011-0126-7},
 journal = {PhD Dissertation, Dept. of Mech. Engg. Pennsylvania State University, {http{://} etda.libraries.psu.edu {/} theses / approved / WorldWideIndex / ETD-1443}},
 title = {Quantitative Control of Probabilistic Discrete Event Systems},
 year = {2006}
}

@article{caminati2019comorbidities,
 author = {Caminati, Antonella and Lonati, Chiara and Cassandro, Roberto and Elia, Davide and Pelosi, Giuseppe and Torre, Olga and Zompatori, Maurizio and Uslenghi, Elisabetta and Harari,
Sergio},
 doi = {10.1183/16000617.0044-2019},
 journal = {European Respiratory Review},
 number = {153},
 publisher = {Eur Respiratory Soc},
 title = {Comorbidities in idiopathic pulmonary fibrosis: an underestimated issue},
 volume = {28},
 year = {2019}
}

@article{campo2014large,
 author = {Campo, Ilaria and Zorzetto, Michele and Mariani, Francesca and Kadija, Zamir and Morbini, Patrizia and Dore, Roberto and Kaltenborn, Eva and Frixel, Sabrina and Zarbock, Ralf and
Liebisch, Gerhard and others},
 doi = {10.1186/1465-9921-15-43},
 journal = {Respiratory research},
 number = {1},
 pages = {1--15},
 publisher = {Springer},
 title = {A large kindred of pulmonary fibrosis associated with a novel ABCA3 gene variant},
 volume = {15},
 year = {2014}
}

@article{car99,
 author = {Rafael C. Carrasco and Jos{\'e} Oncina},
 bibsource = {DBLP, http://dblp.uni-trier.de},
 doi = {10.1051/ita:1999102},
 ee = {http://dx.doi.org/10.1051/ita:1999102},
 journal = {ITA},
 number = {1},
 pages = {1--20},
 title = {Learning deterministic regular grammars from stochastic samples in polynomial time},
 volume = {33},
 year = {1999}
}

@inproceedings{caroprese2018deep,
 author = {Caroprese, Luciano and Veltri, Pierangelo and Vocaturo, Eugenio and Zumpano, Ester},
 booktitle = {2018 9th International Conference on Information, Intelligence, Systems and Applications (IISA)},
 doi = {10.1109/IISA.2018.8633647},
 organization = {IEEE},
 pages = {1--4},
 title = {Deep learning techniques for electronic health record analysis},
 year = {2018}
}

@inproceedings{castrog08,
 author = {Jorge Castro and Ricard Gavald{\`a}},
 bibsource = {DBLP, http://dblp.uni-trier.de},
 booktitle = {ICGI},
 crossref = {DBLP:conf/icgi/2008},
 doi = {10.1007/978-3-540-88009-7_13},
 ee = {http://dx.doi.org/10.1007/978-3-540-88009-7_13},
 pages = {163--174},
 title = {Towards Feasible PAC-Learning of Probabilistic Deterministic Finite Automata},
 year = {2008}
}

@incollection{ccv93,
 affiliation = {Universidad Polilecnica de Valencia Dpto. Sistemas Informaticos y Computación Camino de Vera s/n 46071 Valencia Spain Camino de Vera s/n 46071 Valencia Spain},
 author = {Castano, M. and Casacuberta, F. and Vidal, E.},
 booktitle = {New Trends in Neural Computation},
 doi = {10.1007/3-540-56798-4_149},
 editor = {Mira, José and Cabestany, Joan and Prieto, Alberto},
 isbn = {978-3-540-56798-1},
 keyword = {Computer Science},
 note = {10.1007/3-540-56798-4\_149},
 pages = {210--215},
 publisher = {Springer Berlin / Heidelberg},
 series = {Lecture Notes in Computer Science},
 title = {Simulation of stochastic regular grammars through simple recurrent networks},
 url = {http://dx.doi.org/10.1007/3-540-56798-4\_149},
 volume = {686},
 year = {1993}
}

@article{chaitin75,
 acmid = {321894},
 address = {New York, NY, USA},
 author = {Chaitin, Gregory J.},
 doi = {http://doi.acm.org/10.1145/321892.321894},
 issn = {0004-5411},
 issue = {3},
 journal = {J. ACM},
 month = {July},
 numpages = {12},
 pages = {329--340},
 publisher = {ACM},
 title = {A Theory of Program Size Formally Identical to Information Theory},
 url = {http://doi.acm.org/10.1145/321892.321894},
 volume = {22},
 year = {1975}
}

@book{char85,
 author = {Charniak, E. and McDermott, D. and McDermott, D.V.},
 doi = {10.1093/oso/9780190905033.003.0001},
 isbn = {9780201119459},
 lccn = {84014542},
 publisher = {Addison-Wesley},
 series = {Addison-Wesley series in computer science},
 title = {Introduction to artificial intelligence},
 url = {http://books.google.com/books?id=745QAAAAMAAJ},
 year = {1985}
}

@article{chattopadhyay2008structural,
 author = {Chattopadhyay, Ishanu and Ray, Asok},
 doi = {10.1080/00207170701704746},
 journal = {International Journal of Control},
 number = {5},
 pages = {820--835},
 publisher = {Taylor \& Francis},
 title = {Structural transformations of probabilistic finite state machines},
 volume = {81},
 year = {2008}
}

@article{chattopadhyay2013abductive,
 author = {Chattopadhyay, Ishanu and Lipson, Hod},
 doi = {10.1098/rsta.2011.0543},
 journal = {Philosophical Transactions of the Royal Society A: Mathematical, Physical and Engineering Sciences},
 number = {1984},
 pages = {20110543},
 publisher = {The Royal Society Publishing},
 title = {Abductive learning of quantized stochastic processes with probabilistic finite automata},
 volume = {371},
 year = {2013}
}

@article{chattopadhyay20140826,
 author = {Chattopadhyay, Ishanu and Lipson, Hod},
 doi = {10.1098/rsif.2014.0826},
 issn = {1742-5689},
 journal = {Journal of The Royal Society Interface},
 number = {101},
 publisher = {The Royal Society},
 title = {Data smashing: uncovering lurking order in data},
 volume = {11},
 year = {2014}
}

@article{chattopadhyay2014causality,
 author = {Chattopadhyay, Ishanu},
 doi = {10.1007/978-3-319-24094-7_6},
 journal = {arXiv preprint arXiv:1406.6651},
 title = {Causality networks},
 year = {2014}
}

@article{chattopadhyay2014data,
 author = {Chattopadhyay, Ishanu and Lipson, Hod},
 doi = {10.1098/rsif.2014.0826},
 journal = {Journal of The Royal Society Interface},
 number = {101},
 pages = {20140826},
 publisher = {Toe Royal Society},
 title = {Data smashing: uncovering lurking order in data},
 volume = {11},
 year = {2014}
}

@article{chattopadhyay2018,
 archiveprefix = {arXiv},
 arxivid = {1801.08256},
 author = {Chattopadhyay, Ishanu},
 doi = {10.1109/icdmw.2017.129},
 eprint = {1801.08256},
 mendeley-groups = {HilbertSpace},
 month = {january},
 title = {{A Hilbert Space of Stationary Ergodic Processes}},
 url = {http://arxiv.org/abs/1801.08256},
 year = {2018}
}

@article{chazottes2007concentration,
 author = {Chazottes, J-R and Collet, Pierre and K{\"u}lske, Christof and Redig, Frank},
 doi = {10.1007/s00440-006-0026-1},
 journal = {Probability Theory and Related Fields},
 number = {1-2},
 pages = {201--225},
 publisher = {Springer},
 title = {Concentration inequalities for random fields via coupling},
 volume = {137},
 year = {2007}
}

@inproceedings{chen2005robust,
 author = {Chen, Lei and {\"O}zsu, M Tamer and Oria, Vincent},
 booktitle = {Proceedings of the 2005 ACM SIGMOD international conference on Management of data},
 doi = {10.1145/1066157.1066213},
 organization = {ACM},
 pages = {491--502},
 title = {Robust and fast similarity search for moving object trajectories},
 year = {2005}
}

@book{ching2006markov,
 author = {Ching, W.K. and Ng, M.K.},
 doi = {10.1007/0-387-29337-x_7},
 isbn = {9780387293370},
 lccn = {2005933263},
 publisher = {Springer US},
 series = {International Series in Operations Research \& Management Science},
 title = {Markov Chains: Models, Algorithms and Applications},
 url = {https://books.google.com/books?id=IjMLAFZKBzYC},
 year = {2006}
}

@inproceedings{choi2016multi,
 author = {Choi, Edward and Bahadori, Mohammad Taha and Searles, Elizabeth and Coffey, Catherine and Thompson, Michael and Bost, James and Tejedor-Sojo, Javier and Sun, Jimeng},
 booktitle = {proceedings of the 22nd ACM SIGKDD international conference on knowledge discovery and data mining},
 doi = {10.1145/2939672.2939823},
 pages = {1495--1504},
 title = {Multi-layer representation learning for medical concepts},
 year = {2016}
}

@article{cl12g,
 author = {Chattopadhyay, I. and Lipson, H. },
 doi = {10.1098/rsta.2011.0543},
 journal = {Philos Trans A},
 month = {Feb},
 number = {1984},
 pages = {20110543},
 title = {{{A}bductive learning of quantized stochastic processes with probabilistic finite automata}},
 volume = {371},
 year = {2013}
}

@article{cl14e,
 author = {Ishanu Chattopadhyay and Hod Lipson},
 bibsource = {DBLP, http://dblp.uni-trier.de},
 doi = {10.1109/CISS.2014.6814175},
 ee = {http://arxiv.org/abs/1401.0711},
 journal = {CoRR},
 title = {Computing Entropy Rate Of Symbol Sources {\&} A Distribution-free Limit Theorem},
 volume = {abs/1401.0711},
 year = {2014}
}

@book{cl99,
 author = {Cassandras, C.G. and Lafortune, S.},
 doi = {10.1007/978-0-387-68612-7_10},
 publisher = {Kluwer Academic Publishers},
 title = {Introduction to Discrete Event Systems},
 year = {1999}
}

@inproceedings{clauset2011brief,
 author = {Clauset, Aaron},
 booktitle = {Santa Fe Institute},
 doi = {10.2139/ssrn.1283434},
 title = {A brief primer on probability distributions},
 year = {2011}
}

@article{cll94,
 author = {S.L. Chung and S. Lafortune and F. Lin},
 doi = {10.23919/acc.1993.4793059},
 journal = {Discrete Event Dynamic Systems: Theory and Applications},
 number = {3},
 pages = {237--268},
 title = {Supervisory Control using variable look-ahead policies},
 volume = {4},
 year = {July 1994}
}

@article{clx,
 adsnote = {Provided by the SAO/NASA Astrophysics Data System},
 adsurl = {http://adsabs.harvard.edu/abs/2014arXiv1401.0711C},
 archiveprefix = {arXiv},
 author = {{Chattopadhyay}, I. and {Lipson}, H.},
 doi = {10.1109/CISS.2014.6814175},
 eprint = {1401.0711},
 journal = {ArXiv e-prints 1401.0711},
 month = {january},
 primaryclass = {cs.IT},
 title = {{Computing Entropy Rate Of Symbol Sources \& A Distribution-free Limit Theorem}},
 year = {2014}
}

@article{cmr08,
 author = { Ishanu Chattopadhyay and Goutham Mallapragada and Asok Ray},
 doi = {10.1109/acc.2008.4586664},
 journal = { International Journal of Control},
 title = {$\nu^{\star}:$ A robot path planning algorithm based on renormalized measure of probabilistic regular languages},
 year = {in press}
}

@article{coghlan2014sequencing,
 author = {Coghlan, Meghan A and Shifren, Adrian and Huang, Howard J and Russell, Tonya D and Mitra, Robi D and Zhang, Qunyuan and Wegner, Daniel J and Cole, F Sessions and Hamvas, Aaron},
 doi = {10.1136/bmjresp-2014-000057},
 journal = {BMJ open respiratory research},
 number = {1},
 pages = {e000057},
 publisher = {Archives of Disease in childhood},
 title = {Sequencing of idiopathic pulmonary fibrosis-related genes reveals independent single gene associations},
 volume = {1},
 year = {2014}
}

@article{collard2007a,
 author = {Collard, H.R. and Tino, G. and Noble, P.W.},
 citation-number = {16.},
 doi = {10.1016/j.rmed.2006.10.002},
 journal = {Respir Med},
 language = {en},
 number = {6},
 pages = {1350–4},
 title = {Patient experiences with pulmonary fibrosis},
 volume = {101},
 year = {2007}
}

@inproceedings{concr092,
 author = {I. Chattopadhyay and A. Ray},
 booktitle = {American Control Conference},
 doi = {10.1109/ACC.2009.5160369},
 issn = {0743-1619},
 month = {June},
 number = {-},
 pages = {2403--2408},
 title = {Optimal path-planning under finite memory obstacle dynamics based on probabilistic finite state automata models},
 volume = {-},
 year = {2009}
}

@book{cosgrove2018a,
 author = {Cosgrove, G.P. and Bianchi, P. and Danese, S. and Lederer, D.J.},
 citation-number = {13.},
 doi = {10.1186/s12890-017-0560-x},
 issue = {1},
 language = {en},
 pages = {9},
 publisher = {BMC Pulm Med},
 title = {Barriers to timely diagnosis of interstitial lung disease in the real world: the INTENSITY survey},
 volume = {18},
 year = {2018}
}

@article{cosgrove2018barriers,
 author = {Cosgrove, Gregory P and Bianchi, Pauline and Danese, Sherry and Lederer, David J},
 doi = {10.1186/s12890-017-0560-x},
 journal = {BMC pulmonary medicine},
 number = {1},
 pages = {9},
 publisher = {Springer},
 title = {Barriers to timely diagnosis of interstitial lung disease in the real world: the INTENSITY survey},
 volume = {18},
 year = {2018}
}

@article{cottin2005combined,
 author = {Cottin, Vincent and Nunes, H and Brillet, PYet and Delaval, P and Devouassoux, G and Tillie-Leblond, I and Israel-Biet, D and Valeyre, D and Cordier, Jean-Fran{\c{c}}ois and others},
 doi = {10.1183/09031936.05.00021005},
 journal = {European Respiratory Journal},
 number = {4},
 pages = {586--593},
 publisher = {Eur Respiratory Soc},
 title = {Combined pulmonary fibrosis and emphysema: a distinct underrecognised entity},
 volume = {26},
 year = {2005}
}

@article{cottin2012a,
 author = {Cottin, V. and Cordier, J.F.},
 citation-number = {18.},
 doi = {10.1183/09031936.00001612},
 journal = {Eur Respir J},
 language = {en},
 number = {3},
 pages = {519–21},
 title = {Velcro crackles: the key for early diagnosis of idiopathic pulmonary fibrosis?},
 volume = {40},
 year = {2012}
}

@article{cottin2014a,
 author = {Cottin, V. and Richeldi, L.},
 citation-number = {7.},
 doi = {10.1183/09059180.00008613},
 journal = {Eur Respir Rev},
 language = {en},
 number = {131},
 pages = {106–10},
 title = {Neglected evidence in idiopathic pulmonary fibrosis and the importance of early diagnosis and treatment},
 volume = {23},
 year = {2014}
}

@book{cover,
 address = {New York, NY, USA},
 author = {Cover, Thomas M. and Thomas, Joy A.},
 doi = {10.1002/047174882X},
 isbn = {0-471-06259-6},
 publisher = {Wiley-Interscience},
 title = {Elements of Information Theory},
 year = {1991}
}

@book{cover2012elements,
 author = {Cover, Thomas M and Thomas, Joy A},
 doi = {10.1002/047174882X},
 publisher = {John Wiley \& Sons},
 title = {Elements of information theory},
 year = {2012}
}

@article{cr05,
 author = {I. Chattopadhyay and A. Ray},
 doi = {10.1515/dema-2005-0323},
 journal = {Demonstratio Mathematica},
 number = {3},
 pages = {in press},
 title = {A Complex Measure for Linear Grammars},
 volume = {38},
 year = {2005}
}

@article{cr06,
 author = {I. Chattopadhyay and A. Ray},
 doi = {10.1080/00207170600801429},
 journal = {Int. J. Control},
 number = {9},
 pages = {1107--1117},
 title = {Renormalized Measure of Regular Languages},
 volume = {79},
 year = {2006}
}

@article{cr06a,
 author = {I. Chattopadhyay and A. Ray},
 doi = {10.1080/00207170600752473},
 journal = {Int. J. Control},
 number = {9},
 pages = {1074--1086},
 title = {A Language Measure for Partially Observed Discrete Event Systems},
 volume = {79},
 year = {2006}
}

@article{cr07,
 author = {I. Chattopadhyay and A. Ray},
 doi = {10.1080/00207170701286322},
 journal = {Int. J. Control},
 title = {Language-Measure-Theoretic Optimal Control of Probabilistic Finite-State Systems },
 year = {August,2007}
}

@article{cr08,
 author = {I. Chattopadhyay and A. Ray},
 doi = {10.1080/00207170701704746},
 journal = {International Journal of Control},
 month = {May},
 number = {5},
 pages = {820--835},
 title = {Structural transformations of probabilistic finite state machines},
 volume = {81},
 year = {2008}
}

@article{cr08a,
 author = {I. Chattopadhyay and A. Ray},
 doi = {10.1080/00207170801888837},
 journal = {International Journal of Control},
 month = {October},
 number = {10},
 pages = {1626--1644},
 title = {Generalised Projections in Finite State Automata & Decidability of State Determinacy},
 volume = {81},
 year = {2008}
}

@article{crr05,
 author = {Shin Chin and Asok Ray and V. Rajagopalan},
 doi = {10.1016/j.sigpro.2005.03.014},
 journal = {Signal Processing},
 pages = {1859--1868},
 title = {Symbolic Time Series Analysis for Anomaly Detection: A Comparative Evaluation},
 volume = {85, 9},
 year = {2005}
}

@article{crutchfield1994calculi,
 author = {Crutchfield, James P},
 doi = {10.1016/0167-2789(94)90273-9},
 journal = {Physica D: Nonlinear Phenomena},
 number = {1-3},
 pages = {11--54},
 publisher = {Elsevier},
 title = {The calculi of emergence: computation, dynamics and induction},
 volume = {75},
 year = {1994}
}

@article{cs07,
 author = {Corazza, A. and Satta, G.},
 doi = {10.1109/TPAMI.2007.1065},
 issn = {0162-8828},
 journal = {Pattern Analysis and Machine Intelligence, IEEE Transactions on},
 month = {Aug. },
 number = {8},
 pages = {1379--1393},
 title = {Probabilistic Context-Free Grammars Estimated from Infinite Distributions},
 volume = {29},
 year = {2007}
}

@article{cs84,
 author = {Csisz{\'a}r, I.},
 citeulike-article-id = {1615124},
 doi = {10.1214/aop/1176993227},
 journal = {Ann. Probab.},
 pages = {768--793},
 posted-at = {2007-09-03 04:57:45},
 priority = {2},
 title = {Sanov Property, Generalized {I}-Projection and a Conditional Limit Theorem},
 volume = {12},
 year = {1984}
}

@book{csiszar2011information,
 author = {Csiszar, Imre and K{\"o}rner, J{\'a}nos},
 doi = {10.1017/CBO9780511921889},
 publisher = {Cambridge University Press},
 title = {Information theory: coding theorems for discrete memoryless systems},
 year = {2011}
}

@article{ct04,
 acmid = {1005349},
 author = {Clark, Alexander and Thollard, Franck},
 doi = {10.1016/j.tcs.2007.07.023},
 issn = {1532-4435},
 journal = {J. Mach. Learn. Res.},
 month = {December},
 numpages = {25},
 pages = {473--497},
 publisher = {JMLR.org},
 title = {PAC-learnability of Probabilistic Deterministic Finite State Automata},
 url = {http://dl.acm.org/citation.cfm?id=1005332.1005349},
 volume = {5},
 year = {2004}
}

@book{ct91,
 author = {Cover, T. M. and Thomas, J. A.},
 doi = {10.1002/047174882X},
 publisher = {John Wiley, New York},
 title = {Elements of Information Theory},
 year = {1991}
}

@inproceedings{cwpr10,
 address = {Baltimore, MD},
 author = {I. Chattopadhyay and Y. Wen and S. Phoha and A. Ray},
 booktitle = {American Control Conference},
 doi = {10.1109/ACC.2010.5530774},
 title = {Mathematical Foundations of Sensor Network Design Based On Linguistic Informatics},
 year = {2010}
}

@article{cy89,
 author = {Crutchfield, J. P. and Young, K.},
 doi = {10.1103/PhysRevLett.63.105},
 journal = {Physical Review Letters},
 pages = {105--108},
 title = {Inferring Statistical Complexity},
 volume = {63},
 year = {1989}
}

@book{d81,
 author = {E-E. Doberkat},
 bibsource = {DBLP, http://dblp.uni-trier.de},
 doi = {10.1007/3-540-10835-1},
 isbn = {3-540-10835-1},
 publisher = {Springer},
 series = {Lecture Notes in Computer Science},
 title = {Stochastic Automata: Stability, Nondeterminism, and Prediction},
 volume = {113},
 year = {1981}
}

@proceedings{dblp:conf/aii/1985,
 bibsource = {DBLP, http://dblp.uni-trier.de},
 booktitle = {Mathematical Methods of Specification and Synthesis of Software Systems},
 doi = {10.1007/3-540-16444-8},
 editor = {Wolfgang Bibel and Klaus P. Jantke},
 isbn = {3-540-16444-8},
 publisher = {Springer},
 series = {Lecture Notes in Computer Science},
 title = {Mathematical Methods of Specification and Synthesis of Software Systems '85, Proceedings of the International Spring School, Wendisch-Rietz, GDR, April 22-26, 1985},
 volume = {215},
 year = {1986}
}

@proceedings{dblp:conf/alt/2009,
 bibsource = {DBLP, http://dblp.uni-trier.de},
 booktitle = {ALT},
 doi = {10.1007/978-3-642-04414-4},
 editor = {Ricard Gavald{\`a} and G{\'a}bor Lugosi and Thomas Zeugmann and Sandra Zilles},
 ee = {http://dx.doi.org/10.1007/978-3-642-04414-4},
 isbn = {978-3-642-04413-7},
 publisher = {Springer},
 series = {Lecture Notes in Computer Science},
 title = {Algorithmic Learning Theory, 20th International Conference, ALT 2009, Porto, Portugal, October 3-5, 2009. Proceedings},
 volume = {5809},
 year = {2009}
}

@proceedings{dblp:conf/ecml/2006,
 bibsource = {DBLP, http://dblp.uni-trier.de},
 booktitle = {ECML},
 doi = {10.1007/11871842},
 editor = {Johannes F{\"u}rnkranz and Tobias Scheffer and Myra Spiliopoulou},
 isbn = {3-540-45375-X},
 publisher = {Springer},
 series = {Lecture Notes in Computer Science},
 title = {Machine Learning: ECML 2006, 17th European Conference on Machine Learning, Berlin, Germany, September 18-22, 2006, Proceedings},
 volume = {4212},
 year = {2006}
}

@proceedings{dblp:conf/icgi/2008,
 bibsource = {DBLP, http://dblp.uni-trier.de},
 booktitle = {ICGI},
 doi = {10.1007/978-3-540-88009-7},
 editor = {Alexander Clark and Fran\c{c}ois Coste and Laurent Miclet},
 isbn = {978-3-540-88008-0},
 publisher = {Springer},
 series = {Lecture Notes in Computer Science},
 title = {Grammatical Inference: Algorithms and Applications, 9th International Colloquium, ICGI 2008, Saint-Malo, France, September 22-24, 2008, Proceedings},
 volume = {5278},
 year = {2008}
}

@book{dhs01,
 author = {Duda, R. and Hart, P. and Stork, D.},
 doi = {10.1007/978-1-4471-0285-4_8},
 publisher = {John Wiley \& Sons Inc.},
 title = {Pattern Classification},
 year = {2001}
}

@inbook{diet82,
 added-at = {2007-11-12T12:09:36.000+0100},
 author = {Dietterich, T. G. and London, R. L. and Clarkson, K. and Dromey, G.},
 biburl = {http://www.bibsonomy.org/bibtex/2d5d47ddc38529b30fa1254db324991b8/sebastian},
 doi = {10.1007/springerreference_178872},
 interhash = {c0bf9477ed07c7c4c017cb7c3ae11050},
 intrahash = {d5d47ddc38529b30fa1254db324991b8},
 pages = {323--512},
 publisher = {William Kaufmann},
 series = {The Handbook of Artificial Intelligence},
 timestamp = {2007-11-12T12:09:36.000+0100},
 title = {Learning and inductive inference},
 volume = {III},
 year = {1982}
}

@article{divo2012a,
 author = {Divo, M. and Cote, C. and Torres, J.P.},
 citation-number = {22.},
 doi = {10.1164/rccm.201201-0034OC},
 journal = {Am J Respir Crit Care Med},
 language = {en},
 number = {2},
 pages = {155–61},
 title = {Comorbidities and risk of mortality in patients with chronic obstructive pulmonary disease},
 volume = {186},
 year = {2012}
}

@article{dj03,
 author = {Denis, N.; Jones, E.},
 doi = {10.1109/CDC.2003.1272263},
 issn = {0191-2216 },
 journal = {In Proceedings of 42nd IEEE Conference on Decision and Control},
 pages = {4533--4538},
 title = {Spatio-temporal pattern detection using dynamic Bayesian networks},
 volume = {5},
 year = {9-12 Dec. 2003}
}

@book{doob1953stochastic,
 author = {Doob, J.L.},
 doi = {10.3390/books978-3-03921-963-6},
 isbn = {9780471218135},
 lccn = {lc52011857},
 publisher = {John Wiley \& Sons},
 series = {Wiley Publications in Statistics},
 title = {Stochastic Processes},
 url = {https://books.google.com/books?id=KvJQAAAAMAAJ},
 year = {1953}
}

@book{doob1990stochastic,
 author = {Doob, J.L.},
 doi = {10.3390/books978-3-03921-963-6},
 lccn = {52011857},
 publisher = {Wiley},
 series = {Wiley publications in statistics},
 title = {Stochastic processes},
 url = {https://books.google.com/books?id=7Bu8jgEACAAJ},
 year = {1990}
}

@article{dr96,
 author = {D. Ron and Y. Singer and N. Tishby},
 doi = {10.1007/BF00114008},
 issue = {2},
 journal = {Machine Learning},
 page = {117-149},
 title = {The power of amnesia: Learning probabilistic automata with variable memory length},
 volume = {25},
 year = {1996}
}

@article{du2011ascertainment,
 author = {du Bois, Roland M and Weycker, Derek and Albera, Carlo and Bradford, Williamson Z and Costabel, Ulrich and Kartashov, Alex and Lancaster, Lisa and Noble, Paul W and Raghu, Ganesh
and Sahn, Steven A and others},
 doi = {10.1164/rccm.201011-1790OC},
 journal = {American journal of respiratory and critical care medicine},
 number = {4},
 pages = {459--466},
 publisher = {American Thoracic Society},
 title = {Ascertainment of individual risk of mortality for patients with idiopathic pulmonary fibrosis},
 volume = {184},
 year = {2011}
}

@inproceedings{du2018many,
 author = {Du, Simon S and Wang, Yining and Zhai, Xiyu and Balakrishnan, Sivaraman and Salakhutdinov, Ruslan R and Singh, Aarti},
 booktitle = {Advances in Neural Information Processing Systems},
 doi = {10.1039/c3ay90095a},
 pages = {373--383},
 title = {How many samples are needed to estimate a convolutional neural network?},
 year = {2018}
}

@article{du99,
 author = {L. Decreusefond and A. Ustunel},
 doi = {10.1080/07362990802286483},
 journal = {Potential Analysis},
 number = {2},
 pages = {177--214},
 title = {Stochastic analysis of the fractional Brownian motion},
 url = {citeseer.ist.psu.edu/decreusefond96stochastic.html},
 volume = {10},
 year = {1999}
}

@misc{dua:2019,
 author = {Dua, Dheeru and Graff, Casey},
 doi = {10.1109/widstaif52235.2021.9430225},
 institution = {University of California, Irvine, School of Information and Computer Sciences},
 title = {{UCI} Machine Learning Repository},
 url = {http://archive.ics.uci.edu/ml},
 year = {2017}
}

@article{dudley2002real,
 author = {Dudley, Richard M},
 doi = {10.1017/cbo9780511755347.001},
 journal = {Press, Cambridge, UK},
 title = {Real Analysis and Probability , Cambridge Uni},
 year = {2002}
}

@article{dupont2005links,
 author = {Dupont, Pierre and Denis, Fran{\c{c}}ois and Esposito, Yann},
 doi = {10.1016/j.patcog.2004.03.020},
 journal = {Pattern recognition},
 number = {9},
 pages = {1349--1371},
 publisher = {Elsevier},
 title = {Links between probabilistic automata and hidden Markov models: probability distributions, learning models and induction algorithms},
 volume = {38},
 year = {2005}
}

@book{durbin98,
 author = {Richard Durbin and Sean R. Eddy and Anders Krogh and Graeme J. Mitchison},
 bibsource = {DBLP, http://dblp.uni-trier.de},
 doi = {10.1017/CBO9780511790492},
 isbn = {0-521-62971-3},
 publisher = {Cambridge University Press},
 title = {Biological Sequence Analysis: Probabilistic Models of Proteins and Nucleic Acids},
 year = {1998}
}

@article{epaud2014combined,
 author = {Epaud, Ralph and Delestrain, C{\'e}line and Louha, Malek and Simon, St{\'e}phanie and Fanen, Pascale and Tazi, Abdellatif},
 doi = {10.1183/09031936.00145213},
 journal = {European Respiratory Journal},
 number = {2},
 pages = {638--641},
 publisher = {Eur Respiratory Soc},
 title = {Combined pulmonary fibrosis and emphysema syndrome associated with ABCA3 mutations},
 volume = {43},
 year = {2014}
}

@inproceedings{esh88,
 author = {Kave Eshghi},
 bibsource = {DBLP, http://dblp.uni-trier.de},
 booktitle = {ICLP/SLP},
 doi = {10.7551/mitpress/4316.003.0029},
 pages = {562--579},
 title = {Abductive Planning with Event Calculus},
 year = {1988}
}

@article{esposito2015a,
 author = {Esposito, D.B. and Lanes, S. and Donneyong, M.},
 citation-number = {31.},
 doi = {10.1164/rccm.201504-0818OC},
 journal = {Am J Respir Crit Care Med},
 language = {en},
 number = {10},
 pages = {1200–7},
 title = {Idiopathic Pulmonary Fibrosis in United States Automated Claims. Incidence, Prevalence, and Algorithm Validation},
 volume = {192},
 year = {2015}
}

@article{f92,
 author = {Fredricksen, H},
 doi = {10.1016/0166-218X(92)90133-U},
 journal = {Discrete Applied Mathematics},
 number = {1},
 pages = {193--203},
 title = {A new look at the de Bruijn graph},
 url = {http://linkinghub.elsevier.com/retrieve/pii/0166218X9290133U},
 volume = {37-38},
 year = {1992}
}

@article{farrand2020a,
 author = {Farrand, E. and Iribarren, C. and Vittinghoff, E.},
 citation-number = {28.},
 doi = {10.1016/j.chest.2020.07.035},
 journal = {Chest},
 language = {en},
 title = {Impact of Idiopathic Pulmonary Fibrosis on Longitudinal Health-care Utilization in a Community-Based Cohort of Patients},
 year = {2020}
}

@article{fl70,
 affiliation = {H.C. {\o}rsted Institutet K{\o}benhavns Universitets Matematisk Institut Universitetsparken 5 2100 K{\o}benhavn {\o} Danmark},
 author = {Topse, Flemming},
 doi = {10.1007/BF01111419},
 issn = {0178-8051},
 issue = {3},
 journal = {Probability Theory and Related Fields},
 keyword = {Mathematics and Statistics},
 note = {10.1007/BF01111419},
 pages = {239--250},
 publisher = {Springer Berlin / Heidelberg},
 title = {On the Glivenko-Cantelli theorem},
 volume = {14},
 year = {1970}
}

@book{folland2013real,
 author = {Folland, Gerald B},
 doi = {10.1017/cbo9780511740305.015},
 publisher = {John Wiley \& Sons},
 title = {Real analysis: modern techniques and their applications},
 year = {2013}
}

@article{foster2015tradition,
 author = {Foster, Jacob G and Rzhetsky, Andrey and Evans, James A},
 doi = {10.1177/0003122415601618},
 journal = {American Sociological Review},
 number = {5},
 pages = {875--908},
 publisher = {SAGE Publications Sage CA: Los Angeles, CA},
 title = {Tradition and innovation in scientists' research strategies},
 volume = {80},
 year = {2015}
}

@article{fpb03,
 author = {David Friedlander and Shashi Phoha and Richard Brooks},
 doi = {10.1117/12.508370},
 journal = {In Advanced Signal Processing Algorithms, Architechtures and Implementations XIII, edited by Franklin T. Luk, Proceedings of SPIE},
 title = {Determination of Vehicle Behavior Based on Distributed Sensor Network Data},
 volume = {5205},
 year = {2003}
}

@article{g01,
 author = {M. Gribaudo and M. Sereno and A. Horvath and A. Bobbio},
 doi = {10.1109/pnpm.2001.953364},
 journal = {Discrete Event Dynamic Systems},
 month = {january},
 pages = {97--117},
 title = {Fluid Stochastic Petri Nets Augmented with Flush-out Arcs: Modelling and Analysis.},
 year = {2001}
}

@article{g92,
 author = {V.K. Garg},
 doi = {10.1109/CDC.1992.371373},
 journal = {Proceedings of 1992 IEEE Conference on Decision and Control},
 pages = {2348--2353},
 title = {An Algebraic approach to modeling probabilistic discrete event systems},
 year = {Tucson, AZ, December 1992}
}

@article{g92-2,
 author = {V.K. Garg},
 doi = {10.1002/9781119210801.ch4},
 journal = {Proceedings of 1992 IEEE Conference on Information and Sciences},
 pages = {198--203},
 title = {Probabilistic Lnaguages for modeling of \textsc{DED}s},
 year = {Princeton, NJ, March 1992}
}

@book{gagniuc2017markov,
 author = {Gagniuc, Paul A},
 doi = {10.1002/9781119387596},
 publisher = {John Wiley \& Sons},
 title = {Markov chains: from theory to implementation and experimentation},
 year = {2017}
}

@article{galie20152015,
 author = {Gali{\`e}, Nazzareno and Humbert, Marc and Vachiery, Jean-Luc and Gibbs, Simon and Lang, Irene and Torbicki, Adam and Simonneau, G{\'e}rald and Peacock, Andrew and Noordegraaf,
Anton Vonk and Beghetti, Maurice and others},
 doi = {10.3410/f.725758087.793519769},
 journal = {European Respiratory Journal},
 number = {4},
 pages = {903--975},
 publisher = {Eur Respiratory Soc},
 title = {2015 ESC/ERS guidelines for the diagnosis and treatment of pulmonary hypertension: the joint task force for the diagnosis and treatment of pulmonary hypertension of the European
Society of Cardiology (ESC) and the European Respiratory Society (ERS) endorsed by: Association for European Paediatric and Congenital Cardiology (AEPC), International Society for
Heart and Lung Transplantation (ISHLT)},
 volume = {46},
 year = {2015}
}

@inproceedings{gapp01,
 address = {London, UK},
 author = {Anna Gambin and Piotr Pokarowski},
 booktitle = {FCT '01: Proceedings of the 13th International Symposium on Fundamentals of Computation Theory},
 doi = {10.1007/3-540-44669-9_38},
 isbn = {3-540-42487-3},
 pages = {384--387},
 publisher = {Springer-Verlag},
 title = {A Combinatorial Aggregation Algorithm for Stationary Distribution of a Large Markov Chain},
 year = {2001}
}

@inproceedings{gavalda06,
 author = {Ricard Gavald{\`a} and Philipp W. Keller and Joelle Pineau and Doina Precup},
 bibsource = {DBLP, http://dblp.uni-trier.de},
 booktitle = {ECML},
 crossref = {DBLP:conf/ecml/2006},
 doi = {10.31390/gradschool_dissertations.4068},
 ee = {http://dx.doi.org/10.1007/11871842_18},
 pages = {150--161},
 title = {PAC-Learning of Markov Models with Hidden State},
 year = {2006}
}

@article{gbm02,
 acmid = {635941},
 address = {Amsterdam, The Netherlands, The Netherlands},
 author = {Friedman, Jerome H.},
 doi = {10.1016/S0167-9473(01)00065-2},
 issn = {0167-9473},
 issue_date = {28 February 2002},
 journal = {Comput. Stat. Data Anal.},
 month = {feb},
 number = {4},
 numpages = {12},
 pages = {367--378},
 publisher = {Elsevier Science Publishers B. V.},
 title = {Stochastic Gradient Boosting},
 url = {http://dx.doi.org/10.1016/S0167-9473(01)00065-2},
 volume = {38},
 year = {2002}
}

@article{gems,
 doi = {10.1542/pcco_book116_document005},
 journal = {{AAP} Pediatric Coding Newsletter},
 month = {dec},
 number = {3},
 publisher = {American Academy of Pediatrics ({AAP})},
 title = {Transitioning to 10: 2014 General Equivalence Mappings (Online Exclusive)},
 url = {https://doi.org/10.1542%2Fpcco_book116_document005},
 volume = {9},
 year = {2013}
}

@article{george2020a,
 author = {George, P.M. and Spagnolo, P. and Kreuter, M.},
 citation-number = {34.},
 doi = {10.1016/S2213-2600(20)30355-6},
 journal = {Lancet Respir Med},
 language = {en},
 number = {9},
 pages = {925–34},
 title = {Progressive fibrosing interstitial lung disease: clinical uncertainties, consensus recommendations, and research priorities},
 volume = {8},
 year = {2020}
}

@article{gkm99,
 author = {V.K. Garg and R. Kumar and S.I. Marcus},
 doi = {10.1109/9.746254},
 journal = {IEEE Transanctions on Automatic Control},
 number = {2},
 pages = {280--293},
 title = {A probabilistic language formalism for stochastic discrete event systems},
 volume = {44},
 year = {1999}
}

@article{gmc92,
 acmid = {148160},
 address = {Cambridge, MA, USA},
 author = {Giles, C. L. and Miller, C. B. and Chen, D. and Chen, H. H. and Sun, G. Z. and Lee, Y. C.},
 doi = {http://dx.doi.org/10.1162/neco.1992.4.3.393},
 issn = {0899-7667},
 issue = {3},
 journal = {Neural Comput.},
 month = {May},
 numpages = {13},
 pages = {393--405},
 publisher = {MIT Press},
 title = {Learning and extracting finite state automata with second-order recurrent neural networks},
 url = {http://dx.doi.org/10.1162/neco.1992.4.3.393},
 volume = {4},
 year = {1992}
}

@article{gold67limit,
 author = {E. Mark Gold},
 doi = {10.1016/S0019-9958(67)91165-5},
 journal = {Information and Control},
 number = {5},
 pages = {447--474},
 title = {Language identification in the limit},
 volume = {10},
 year = {1967}
}

@article{gold78,
 author = {E. Mark Gold},
 bibsource = {DBLP, http://dblp.uni-trier.de},
 doi = {10.1016/S0019-9958(78)90562-4},
 ee = {http://dx.doi.org/10.1016/S0019-9958(78)90562-4},
 journal = {Information and Control},
 number = {3},
 pages = {302--320},
 title = {Complexity of Automaton Identification from Given Data},
 volume = {37},
 year = {1978}
}

@article{goldberger2000physiobank,
 author = {Goldberger, Ary L and Amaral, Luis AN and Glass, Leon and Hausdorff, Jeffrey M and Ivanov, Plamen Ch and Mark, Roger G and Mietus, Joseph E and Moody, George B and Peng, Chung-Kang
and Stanley, H Eugene},
 doi = {10.1161/01.CIR.101.23.e215},
 journal = {Circulation},
 number = {23},
 pages = {e215--e220},
 publisher = {Am Heart Assoc},
 title = {PhysioBank, PhysioToolkit, and PhysioNet: components of a new research resource for complex physiologic signals},
 volume = {101},
 year = {2000}
}

@book{goodfellow:2016:dl:3086952,
 author = {Goodfellow, Ian and Bengio, Yoshua and Courville, Aaron},
 doi = {10.7551/mitpress/11171.003.0004},
 isbn = {0262035618, 9780262035613},
 publisher = {The MIT Press},
 title = {Deep Learning},
 year = {2016}
}

@article{goodwin2015idiopathic,
 author = {Goodwin, Amanda and Jenkins, Gisli},
 doi = {10.21203/rs.3.rs-279542/v1},
 journal = {A41. HERE THERE AND EVERYWHERE: ILD OBSERVATIONAL STUDIES},
 pages = {A1562--A1562},
 publisher = {American Thoracic Society},
 title = {Idiopathic Pulmonary Fibrosis Occurs More Frequently In Caucasian Than In Black Patients-A Systematic Review},
 year = {2015}
}

@article{granger2,
 author = {C. W. J. Granger},
 doi = {http://dx.doi.org/10.1016/0165-1889(80)90069-X},
 issn = {0165-1889},
 journal = {Journal of Economic Dynamics and Control },
 number = {0},
 pages = {329--352},
 title = {Testing for causality: A personal viewpoint },
 volume = {2},
 year = {1980}
}

@article{grassberger89,
 author = {Peter Grassberger},
 bibsource = {DBLP, http://dblp.uni-trier.de},
 doi = {10.1109/18.30993},
 ee = {http://dx.doi.org/10.1109/18.30993},
 journal = {IEEE Trans. on Inf. Theory},
 number = {3},
 pages = {669--675},
 title = {Estimating the information content of symbol sequences and efficient codes},
 volume = {35},
 year = {1989}
}

@article{grk07,
 author = {S. Gupta and A. Ray and E. Keller},
 doi = {10.1016/j.ymssp.2005.08.022},
 journal = {Mechanical Systems and Signal Processing},
 number = {2},
 pages = {866--884},
 title = {Symbolic time series analysis of ultrasonic data for early detection of fatigue damage},
 volume = {21},
 year = {2007}
}

@article{Guo_2019,
 author = {Wei Guo and Wei Ge and Lizhen Cui and Hui Li and Lanju Kong},
 doi = {10.1109/access.2019.2928579},
 journal = {{IEEE} Access},
 pages = {134236--134244},
 publisher = {Institute of Electrical and Electronics Engineers ({IEEE})},
 title = {An Interpretable Disease Onset Predictive Model Using Crossover Attention Mechanism From Electronic Health Records},
 volume = {7},
 year = {2019}
}

@article{gvh03,
 author = {B. Gerkey and R. Vaughan and A. Howard},
 doi = {10.5772/12925},
 journal = {Proceedings of the International Conference on Advanced Robotics (ICAR 2003), Coimbra, Portugal, June 30 - July 3, 2003},
 pages = {317--323},
 title = {The Player/Stage Project: Tools for Multi-Robot and Distributed Sensor Systems},
 year = {2003}
}

@article{haldane1947simple,
 author = {Haldane, John BS and Smith, Cedric AB},
 doi = {10.1111/j.1469-1809.1947.tb02383.x},
 journal = {Annals of Eugenics},
 number = {1},
 pages = {117--124},
 publisher = {Wiley Online Library},
 title = {A simple exact test for birth-order effect},
 volume = {14},
 year = {1947}
}

@article{hansen2017truven,
 author = {Hansen, L},
 doi = {10.1055/s-0038-1673354},
 journal = {Truven Health Ananlytics IBM Watson Health},
 title = {The Truven health MarketScan databases for life sciences researchers},
 year = {2017}
}

@article{hardy1992divergent,
 author = {Hardy, GH},
 doi = {10.4159/harvard.9780674335295.prf},
 journal = {{\'E}ditions Jacques Gabay, Sceaux},
 title = {Divergent series, With a preface by JE Littlewood and a note by LS Bosanquet, Reprint of the revised (1963) edition},
 year = {1992}
}

@article{hart2019a,
 author = {Hart, S.},
 citation-number = {20.},
 doi = {10.1016/S2213-2600(19)30058-X},
 journal = {Lancet Respir Med},
 language = {en},
 number = {6},
 pages = {466–7},
 title = {Machine learning molecular classification in IPF: UIP or not UIP, that is the question},
 volume = {7},
 year = {2019}
}

@article{hd86,
 author = {V. Hayward},
 doi = {10.1109/ROBOT.1986.1087620},
 journal = { Proceedings of IEEE International Conference on Robotics and Automation},
 pages = {1044--1049},
 title = {Fast collision detection scheme by recursive decomposition of a manipulator workspace},
 year = {1986}
}

@inproceedings{hershey2007approximating,
 author = {Hershey, John R and Olsen, Peder A},
 booktitle = {2007 IEEE International Conference on Acoustics, Speech and Signal Processing-ICASSP'07},
 doi = {10.1109/ICASSP.2007.366913},
 organization = {IEEE},
 pages = {IV--317},
 title = {Approximating the Kullback Leibler divergence between Gaussian mixture models},
 volume = {4},
 year = {2007}
}

@article{hewson2017a,
 author = {Hewson, T. and McKeever, T.M. and Gibson, J.E. and Navaratnam, V. and Hubbard, R.B. and Hutchinson, J.P.},
 citation-number = {17.},
 doi = {10.1136/thoraxjnl-2017-210177},
 journal = {Thorax},
 language = {en},
 title = {Timing of onset of symptoms in people with idiopathic pulmonary fibrosis},
 year = {2017}
}

@techreport{hgc94,
 address = {Redmond, WA},
 author = {Heckerman, David and Geiger, Dan},
 doi = {10.1016/B978-1-55860-377-6.50079-7},
 institution = {Microsoft Research},
 month = {December},
 number = {MSR-TR-95-02},
 title = {{L}earning {B}ayesian {N}etworks},
 url = {citeseer.ist.psu.edu/article/heckerman95learning.html},
 year = {1994}
}

@book{hi94,
 author = {Hipel, K.W. and McLeod, A.I.},
 doi = {10.1016/s0167-5648(08)x7026-1},
 isbn = {9780444892706},
 lccn = {94014048},
 note = {Downloaded from Time Series Data Library maintained by R.J. Hyndman at http://data.is/TSDLdemo},
 publisher = {Elsevier},
 series = {Developments in Water Science},
 title = {Time Series Modelling of Water Resources and Environmental Systems},
 url = {http://data.is/KLpU50},
 year = {1994}
}

@book{hmu01,
 author = {J. E. Hopcroft and R. Motwani and J. D. Ullman},
 doi = {10.1016/0096-0551(80)90011-9},
 publisher = {Addison-Wesley},
 title = {Introduction to Automata Theory, Languages, and Computation, 2nd ed.},
 year = {2001}
}

@incollection{hoeffding1994probability,
 author = {Hoeffding, Wassily},
 booktitle = {The Collected Works of Wassily Hoeffding},
 doi = {10.1002/9781118445112.stat02980},
 pages = {409--426},
 publisher = {Springer},
 title = {Probability inequalities for sums of bounded random variables},
 year = {1994}
}

@article{holm2019defense,
 author = {Holm, Elizabeth A},
 doi = {10.1126/science.aax0162},
 journal = {Science},
 number = {6435},
 pages = {26--27},
 publisher = {American Association for the Advancement of Science},
 title = {In defense of the black box},
 volume = {364},
 year = {2019}
}

@book{hopcroft2008introduction,
 author = {Hopcroft, John E},
 doi = {10.1016/0096-0551(80)90011-9},
 publisher = {Pearson Education India},
 title = {Introduction to automata theory, languages, and computation},
 year = {2008}
}

@phdthesis{hor69,
 address = {Stanford, CA, USA},
 author = {Horning, James Jay},
 doi = {10.1007/springerreference_64995},
 note = {AAI7010465},
 publisher = {Stanford University},
 title = {A study of grammatical inference},
 year = {1969}
}

@article{horibe03,
 author = {Yasuichi Horibe},
 doi = {http://dx.doi.org/10.1016/S0893-9659(03)90105-4},
 issn = {0893-9659},
 journal = {Applied Mathematics Letters },
 number = {7},
 pages = {1129--1130},
 title = {A note on Kolmogorov complexity and entropy },
 volume = {16},
 year = {2003}
}

@article{hoyer2019a,
 author = {Hoyer, N. and Prior, T.S. and Bendstrup, E. and Wilcke, T. and Shaker, S.B.},
 citation-number = {10.},
 doi = {10.1186/s12931-019-1076-0},
 journal = {Respir Res},
 language = {en},
 number = {1},
 pages = {103},
 title = {Risk factors for diagnostic delay in idiopathic pulmonary fibrosis},
 volume = {20},
 year = {2019}
}

@article{hp84,
 author = {W. J. Harrod and R. J. Plemmons},
 doi = {10.1137/0905033},
 journal = {SIAM J. Sci. Statist. Comput.},
 pages = {453--469},
 title = {Comparison of some direct methods for computing the stationary distributions of Markov chains},
 volume = {5},
 year = {1984}
}

@book{htc90,
 author = {J. V. Leeuwen },
 doi = {10.1016/0167-6423(95)90009-8},
 publisher = {Elsevier, Cambridge, MA},
 title = {Handbook of Theoretical Computer Sc.: Formal Models and Semantics},
 volume = {B},
 year = {1990}
}

@book{huang2001spoken,
 author = {Huang, Xuedong and Acero, Alex and Hon, Hsiao-Wuen and Foreword By-Reddy, Raj},
 doi = {10.1093/oso/9780195091878.003.0005},
 publisher = {Prentice hall PTR},
 title = {Spoken language processing: A guide to theory, algorithm, and system development},
 year = {2001}
}

@article{huang2018modeling,
 author = {Huang, Weiyu and Wang, Yunlong and Zhou, Li and Zhao, Emily and Yuan, Yilian and Ribero, Alejandro},
 doi = {10.1109/reldis.2002.1180197},
 journal = {arXiv preprint arXiv:1812.00554},
 title = {Modeling Treatment Delays for Patients using Feature Label Pairs in a Time Series},
 year = {2018}
}

@article{huang2019data,
 author = {Huang, Yi and Chattopadhyay, Ishanu},
 doi = {10.7717/peerj.6792/table-2},
 journal = {arXiv preprint arXiv:1909.12243},
 title = {Data Smashing 2.0: Sequence Likelihood (SL) Divergence For Fast Time Series Comparison},
 year = {2019}
}

@article{huang2021universal,
 author = {Huang, Yi and Chattopadhyay, Ishanu},
 doi = {10.1371/journal.pcbi.1009363},
 journal = {PLoS computational biology},
 number = {10},
 pages = {e1009363},
 publisher = {Public Library of Science San Francisco, CA USA},
 title = {Universal risk phenotype of US counties for flu-like transmission to improve county-specific COVID-19 incidence forecasts},
 volume = {17},
 year = {2021}
}

@article{hubbard2008association,
 author = {Hubbard, Richard B and Smith, Chris and Le Jeune, Ivan and Gribbin, Jonathan and Fogarty, Andrew W},
 doi = {10.1164/rccm.200805-725OC},
 journal = {American journal of respiratory and critical care medicine},
 number = {12},
 pages = {1257--1261},
 publisher = {American Thoracic Society},
 title = {The association between idiopathic pulmonary fibrosis and vascular disease: a population-based study},
 volume = {178},
 year = {2008}
}

@article{hunt2014hyperglycemia,
 author = {Hunt, William R and Zughaier, Susu M and Guentert, Dana E and Shenep, Melissa A and Koval, Michael and McCarty, Nael A and Hansen, Jason M},
 doi = {10.1152/ajplung.00224.2013},
 journal = {American Journal of Physiology-Lung Cellular and Molecular Physiology},
 number = {1},
 pages = {L43--L49},
 publisher = {American Physiological Society Bethesda, MD},
 title = {Hyperglycemia impedes lung bacterial clearance in a murine model of cystic fibrosis-related diabetes},
 volume = {306},
 year = {2014}
}

@article{hyldgaard2014a,
 author = {Hyldgaard, C. and Hilberg, O. and Bendstrup, E.},
 citation-number = {21.},
 doi = {10.1016/j.rmed.2014.01.008},
 journal = {Respir Med},
 language = {en},
 number = {4},
 pages = {647–53},
 title = {How does comorbidity influence survival in idiopathic pulmonary fibrosis?},
 volume = {108},
 year = {2014}
}

@article{inoue2020a,
 author = {Inoue, Y. and Kaner, R.J. and Guiot, J.},
 citation-number = {33.},
 doi = {10.1016/j.chest.2020.03.037},
 journal = {Chest},
 language = {en},
 number = {2},
 pages = {646–59},
 title = {Diagnostic and Prognostic Biomarkers for Chronic Fibrosing Interstitial Lung Diseases With a Progressive Phenotype},
 volume = {158},
 year = {2020}
}

@article{ito1992identifiability,
 author = {Ito, Hisashi and Amari, S-I and Kobayashi, Kingo},
 doi = {10.1109/18.119690},
 journal = {IEEE transactions on information theory},
 number = {2},
 pages = {324--333},
 publisher = {IEEE},
 title = {Identifiability of hidden Markov information sources and their minimum degrees of freedom},
 volume = {38},
 year = {1992}
}

@article{ito84,
 author = {M. Ito and J{\"u}rgen Duske},
 bibsource = {DBLP, http://dblp.uni-trier.de},
 doi = {10.1142/9789814447133_0010},
 journal = {Acta Cybern.},
 pages = {181--189},
 title = {On cofinal and definite automata},
 volume = {6},
 year = {1984}
}

@article{jacquet2008entropy,
 author = {Jacquet, Philippe and Seroussi, Gadiel and Szpankowski, Wojciech},
 doi = {10.1016/j.tcs.2008.01.012},
 journal = {Theoretical computer science},
 number = {2-3},
 pages = {203--219},
 publisher = {Elsevier},
 title = {On the entropy of a hidden Markov process},
 volume = {395},
 year = {2008}
}

@article{jkg01,
 author = {S. Jiang and R. Kumar and H. Garcia},
 doi = {10.1109/cdc.2002.1184992},
 journal = { IEEE Transactions on Robotics and Automation},
 number = {2},
 pages = {301--323},
 title = {Diagnosis of Repeated Failures in Discrete Event Systems},
 volume = {19},
 year = {2003}
}

@article{jkg03,
 author = {S. Jiang and R. Kumar and H. Garcia},
 doi = {10.1109/tac.2003.809144},
 journal = { IEEE Transactions on Automatic Control},
 number = {3},
 pages = {369--381},
 title = {Optimal Sensor Selection for Discrete Event Systems Under Partial Observation},
 volume = {48},
 year = {2003}
}

@article{jlm92,
 author = {F. Jelinek and John D. Lafferty and Robert L. Mercer},
 doi = {10.1007/978-3-642-76626-8_35},
 journal = {Speech Recognition and Understanding. Recent Advances, Trends, and Applications},
 pages = {35--360},
 title = {Basic methods of probabilistic context free grammars},
 volume = {F75},
 year = {1992}
}

@article{jpoly01,
 author = {S. Jiang and Z. Huang and V. Chandra and R. Kumar},
 doi = {10.1109/icocs.2014.7060979},
 journal = {IEEE Transactions on Automatic Control},
 number = {8},
 pages = {1318--1321},
 title = {A Polynomial Time Algorithm for Diagnosability of Discrete Event Systems},
 volume = {46},
 year = {2001}
}

@book{k94b,
 added-at = {2007-09-05T16:07:51.000+0200},
 address = {Cambridge, MA, USA},
 author = {Kearns, M. J. and Vazirani, U. V.},
 biburl = {http://www.bibsonomy.org/bibtex/22aaa93082f1d8d95409e4a2383447295/sb3000},
 doi = {10.7551/mitpress/3897.001.0001},
 interhash = {125ac0b9fe52161f494a01d4fcbaf632},
 intrahash = {2aaa93082f1d8d95409e4a2383447295},
 publisher = {MIT Press},
 timestamp = {2007-09-05T16:07:51.000+0200},
 title = {An Introduction to Computational Learning Theory},
 year = {1994}
}

@article{ka04,
 author = {G. Kaminka and D. Avrahami},
 doi = {10.1109/acc.2009.5160145},
 journal = {In Mathias Bauer, Piotr Gmytrasiewicz, Gal A. Kaminka, and David V. Pynadath, editors, Workshop on Modeling Other Agents from Observations at AAMAS.},
 title = {Symbolic behavior-recognition},
 url = {citeseer.ist.psu.edu/kaminka04symbolic.html},
 year = {2004}
}

@book{kai1967markov_stdis,
 author = {Kai, Lai Chung},
 doi = {10.1007/978-3-642-49686-8_2},
 publisher = {Springer-Verlag},
 title = {Markov Chains: With Stationary Transition Probabilities},
 year = {1967}
}

@article{kang2017,
 author = {Kang, Hang-Bong Hyeon-Woo and Kang, Hang-Bong Hyeon-Woo},
 doi = {10.1371/journal.pone.0176244},
 editor = {Choo, Kim-Kwang Raymond},
 isbn = {1111111111},
 issn = {1932-6203},
 journal = {Plos One},
 mendeley-groups = {reading,crimepred},
 month = {apr},
 number = {4},
 pages = {e0176244},
 pmid = {28437486},
 publisher = {Public Library of Science},
 title = {{Prediction of crime occurrence from multi-modal data using deep learning}},
 url = {http://dx.plos.org/10.1371/journal.pone.0176244},
 volume = {12},
 year = {2017}
}

@article{kaplan1958nonparametric,
 author = {Kaplan, Edward L and Meier, Paul},
 doi = {10.1007/978-1-4612-4380-9_25},
 journal = {Journal of the American statistical association},
 number = {282},
 pages = {457--481},
 publisher = {Taylor \& Francis},
 title = {Nonparametric estimation from incomplete observations},
 volume = {53},
 year = {1958}
}

@inproceedings{ke2017lightgbm,
 author = {Ke, Guolin and Meng, Qi and Finley, Thomas and Wang, Taifeng and Chen\ , Wei and Ma, Weidong and Ye, Qiwei and Liu, Tie-Yan},
 booktitle = {Advances in neural information processing systems},
 doi = {10.1109/iccse.2019.8845529},
 pages = {3146--3154},
 title = {Lightgbm: A highly efficient gradient boosting decision tree},
 year = {2017}
}

@inproceedings{kearns1994,
 acmid = {195155},
 address = {New York, NY, USA},
 author = {Kearns, Michael and Mansour, Yishay and Ron, Dana and Rubinfeld, Ronitt and Schapire, Robert E. and Sellie, Linda},
 booktitle = {Proceedings of the twenty-sixth annual ACM symposium on Theory of computing},
 doi = {http://doi.acm.org/10.1145/195058.195155},
 isbn = {0-89791-663-8},
 location = {Montreal, Quebec, Canada},
 numpages = {10},
 pages = {273--282},
 publisher = {ACM},
 series = {STOC '94},
 title = {On the learnability of discrete distributions},
 year = {1994}
}

@phdthesis{kehagias1992approximation,
 author = {Kehagias, Athanasios},
 doi = {10.1016/b978-0-12-407795-9.00014-1},
 school = {Citeseer},
 title = {Approximation of stochastic processes by hidden Markov models},
 year = {1992}
}

@article{kg2,
 author = {R. Kumar and V.K. Garg},
 doi = {10.1109/9.917660},
 journal = { IEEE Transactions on Automatic Control},
 title = {Control of Stochastic Discrete Event Systems Modeled by Probabilistic Languages},
 url = {citeseer.ist.psu.edu/278517.html},
 volume = {46},
 year = {2001}
}

@inproceedings{kh85,
 address = {St. Louis, MI},
 author = {O. Khatib},
 booktitle = {IEEE International Conference on Robotics and Automation},
 doi = {10.1007/978-1-4613-8997-2_29},
 month = {March 25-28},
 pages = {500--505},
 title = {Real-Time Obstacle Avoidance for Manipulators and Mobile Robots},
 volume = {2},
 year = {1985}
}

@inproceedings{khm96,
 author = {David Kulp and David Haussler and Martin G. Reese and Frank H. Eeckman},
 doi = {10.1007/978-3-319-46654-5_82},
 pages = {134--142},
 publisher = {AAAI Press},
 title = {A Generalized Hidden Markov Model for the Recognition of Human Genes in DNA},
 year = {1996}
}

@article{kim2020prediction,
 author = {Kim, Grace Hyun J and Weigt, Stephan S and Belperio, John A and Brown, Matthew S and Shi, Yu and Lai, Joshua H and Goldin, Jonathan G},
 doi = {10.1007/s00330-019-06402-6},
 journal = {European radiology},
 number = {2},
 pages = {726--734},
 publisher = {Springer},
 title = {Prediction of idiopathic pulmonary fibrosis progression using early quantitative changes on CT imaging for a short term of clinical 18--24-month follow-ups},
 volume = {30},
 year = {2020}
}

@article{king2001predicting,
 author = {King Jr, Talmadge E and Tooze, Janet A and Schwarz, Marvin I and BROWN, KEVIN R and CHERNIACK, REUBEN M},
 doi = {10.1164/ajrccm.164.7.2003140},
 journal = {American journal of respiratory and critical care medicine},
 number = {7},
 pages = {1171--1181},
 publisher = {American Thoracic Society New York, NY},
 title = {Predicting survival in idiopathic pulmonary fibrosis: scoring system and survival model},
 volume = {164},
 year = {2001}
}

@article{king2011idiopathic,
 author = {King Jr, Talmadge E and Pardo, Annie and Selman, Mois{\'e}s},
 doi = {10.1164/ajrccm.164.6.2001056},
 journal = {The Lancet},
 number = {9807},
 pages = {1949--1961},
 publisher = {Elsevier},
 title = {Idiopathic pulmonary fibrosis},
 volume = {378},
 year = {2011}
}

@article{kingma2013auto,
 author = {Kingma, Diederik P and Welling, Max},
 doi = {10.18653/v1/2020.coling-main.458},
 journal = {arXiv preprint arXiv:1312.6114},
 title = {Auto-encoding variational bayes},
 year = {2013}
}

@article{kk92,
 author = {K. Kondo},
 doi = {10.1109/70.88136},
 journal = { IEEE Transactions on Robotics and Automation},
 number = {3},
 pages = {267--277},
 title = {Motion planning with six degrees of freedom by multistrategicbidirectional heuristic free-space enumeration},
 volume = {7},
 year = {1991}
}

@book{klenke2013probability,
 author = {Klenke, Achim},
 doi = {10.1007/978-3-030-56402-5},
 publisher = {Springer Science \& Business Media},
 title = {Probability theory: a comprehensive course},
 year = {2013}
}

@article{kontorovich2008concentration,
 author = {Kontorovich, Leonid Aryeh and Ramanan, Kavita and others},
 doi = {10.1214/07-AOP384},
 journal = {The Annals of Probability},
 number = {6},
 pages = {2126--2158},
 publisher = {Institute of Mathematical Statistics},
 title = {Concentration inequalities for dependent random variables via the martingale method},
 volume = {36},
 year = {2008}
}

@article{kontorovich2014uniform,
 author = {Kontorovich, Aryeh and Weiss, Roi},
 doi = {10.1017/S0021900200012006},
 journal = {Journal of Applied Probability},
 number = {4},
 pages = {1100--1113},
 publisher = {Cambridge University Press},
 title = {Uniform Chernoff and Dvoretzky-Kiefer-Wolfowitz-type inequalities for Markov chains and related processes},
 volume = {51},
 year = {2014}
}

@article{koo2016lung,
 author = {Koo, Hyun Jung and Do, Kyung-Hyun and Lee, Jung Bok and Alblushi, Sania and Lee, Sang Min},
 doi = {10.1371/journal.pone.0161437},
 journal = {PLoS One},
 number = {9},
 pages = {e0161437},
 publisher = {Public Library of Science San Francisco, CA USA},
 title = {Lung cancer in combined pulmonary fibrosis and emphysema: a systematic review and meta-analysis},
 volume = {11},
 year = {2016}
}

@inproceedings{kr84,
 address = {Bethlehem},
 author = {B. H. Krogh },
 booktitle = {International Robotics Research Conference},
 doi = {10.1016/b978-008043339-4/50043-2},
 month = {August},
 title = {A generalized potential field approach to obstacle avoidance control},
 year = {1984}
}

@article{kreuter2016a,
 author = {Kreuter, M. and Ehlers-Tenenbaum, S. and Palmowski, K.},
 citation-number = {30.},
 doi = {10.1371/journal.pone.0151425},
 journal = {PLoS One},
 language = {en},
 number = {3},
 pages = {0151425},
 title = {Impact of Comorbidities on Mortality in Patients with Idiopathic Pulmonary Fibrosis},
 volume = {11},
 year = {2016}
}

@article{krizhevsky_2017,
 author = {Alex Krizhevsky and Ilya Sutskever and Geoffrey E. Hinton},
 doi = {10.1145/3065386},
 journal = {Communications of the {ACM}},
 month = {may},
 number = {6},
 pages = {84--90},
 publisher = {Association for Computing Machinery ({ACM})},
 title = {{ImageNet} classification with deep convolutional neural networks},
 url = {https://doi.org/10.1145%2F3065386},
 volume = {60},
 year = {2017}
}

@article{kropski2013genetic,
 author = {Kropski, Jonathan A and Lawson, William E and Young, Lisa R and Blackwell, Timothy S},
 doi = {10.1242/dmm.010736},
 journal = {Disease models \& mechanisms},
 number = {1},
 pages = {9--17},
 publisher = {The Company of Biologists Ltd},
 title = {Genetic studies provide clues on the pathogenesis of idiopathic pulmonary fibrosis},
 volume = {6},
 year = {2013}
}

@article{kropski2015genetic,
 author = {Kropski, Jonathan A and Blackwell, Timothy S and Loyd, James E},
 doi = {10.1183/09031936.00163814},
 journal = {European Respiratory Journal},
 number = {6},
 pages = {1717--1727},
 publisher = {Eur Respiratory Soc},
 title = {The genetic basis of idiopathic pulmonary fibrosis},
 volume = {45},
 year = {2015}
}

@article{kropski2019a,
 author = {Kropski, J.A.},
 citation-number = {27.},
 doi = {10.1016/S2213-2600(19)30256-5},
 journal = {Lancet Respir Med},
 language = {en},
 number = {9},
 pages = {725–7},
 title = {Biomarkers and early treatment of idiopathic pulmonary fibrosis},
 volume = {7},
 year = {2019}
}

@book{ks60,
 address = {New York},
 author = {J. G. Kemeny and J. L. Snell},
 doi = {10.1017/cbo9780511613586.003},
 edition = {2},
 publisher = {Springer},
 title = {Finite Markov Chains},
 year = {1960}
}

@article{kullback1951,
 author = {Kullback, S. and Leibler, R. A.},
 doi = {10.1214/aoms/1177729694},
 fjournal = {The Annals of Mathematical Statistics},
 journal = {Ann. Math. Statist.},
 month = {03},
 number = {1},
 pages = {79--86},
 publisher = {The Institute of Mathematical Statistics},
 title = {On Information and Sufficiency},
 url = {https://doi.org/10.1214/aoms/1177729694},
 volume = {22},
 year = {1951}
}

@article{kurashima2010effect,
 author = {Kurashima, Kazuyoshi and Takayanagi, Noboru and Tsuchiya, Noriko and Kanauchi, Tetsu and Ueda, Miyuki and Hoshi, Toshiko and Miyahara, Yosuke and Sugita, Yutaka},
 doi = {10.1111/j.1440-1843.2010.01778.x},
 journal = {Respirology},
 number = {5},
 pages = {843--848},
 publisher = {Wiley Online Library},
 title = {The effect of emphysema on lung function and survival in patients with idiopathic pulmonary fibrosis},
 volume = {15},
 year = {2010}
}

@article{kyung2014advanced,
 author = {Kyung, Sun Young and Byun, Kyung Hee and Yoon, Jin Young and Kim, Yu Jin and Lee, Sang Pyo and Park, Jeong-Woong and Lee, Bong Hee and Park, Jong Sook and Jang, An Soo and Park,
Choon Sik and others},
 doi = {10.1007/978-3-540-38918-7_6588},
 journal = {International journal of clinical and experimental pathology},
 number = {1},
 pages = {221},
 publisher = {e-Century Publishing Corporation},
 title = {Advanced glycation end-products and receptor for advanced glycation end-products expression in patients with idiopathic pulmonary fibrosis and NSIP},
 volume = {7},
 year = {2014}
}

@article{lamas2011a,
 author = {Lamas, D.J. and Kawut, S.M. and Bagiella, E. and Philip, N. and Arcasoy, S.M. and Lederer, D.J.},
 citation-number = {9.},
 doi = {10.1164/rccm.201104-0668OC},
 journal = {Am J Respir Crit Care Med},
 language = {en},
 number = {7},
 pages = {842–7},
 title = {Delayed access and survival in idiopathic pulmonary fibrosis: a cohort study},
 volume = {184},
 year = {2011}
}

@article{lancaster2009obstructive,
 author = {Lancaster, Lisa H and Mason, Wendi R and Parnell, James A and Rice, Todd W and Loyd, James E and Milstone, Aaron P and Collard, Harold R and Malow, Beth A},
 doi = {10.1378/chest.08-2776},
 journal = {Chest},
 number = {3},
 pages = {772--778},
 publisher = {Elsevier},
 title = {Obstructive sleep apnea is common in idiopathic pulmonary fibrosis},
 volume = {136},
 year = {2009}
}

@article{langdon83,
 author = {Langdon, G.G., Jr.},
 doi = {10.1109/TIT.1983.1056645},
 issn = {0018-9448},
 journal = {Information Theory, IEEE Transactions on},
 number = {2},
 pages = {284--287},
 title = {A note on the Ziv - Lempel model for compressing individual sequences (Corresp.)},
 volume = {29},
 year = {1983}
}

@book{lat91,
 address = {Boston, MA, U.S.A.},
 author = {J.-C. Latombe},
 doi = {10.1007/978-1-4615-4022-9},
 note = {651 pages.},
 publisher = {Kluwer Academic Publishers},
 series = {International Series in Engineering and Computer Science; Robotics: Vision, Manipulation and Sensors},
 title = {Robot Motion Planning},
 year = {1991}
}

@book{lav06,
 address = {Cambridge, U.K.},
 author = {S. M. LaValle},
 doi = {10.1017/CBO9780511546877},
 note = {Available at http://planning.cs.uiuc.edu/},
 publisher = {Cambridge University Press},
 title = {Planning Algorithms},
 year = {2006}
}

@article{lederer2018a,
 author = {Lederer, D.J. and Martinez, F.J.},
 citation-number = {1.},
 doi = {10.1056/NEJMra1705751},
 journal = {N Engl J Med},
 language = {en},
 number = {19},
 pages = {1811–23},
 title = {Idiopathic Pulmonary Fibrosis},
 volume = {378},
 year = {2018}
}

@article{lee2012bronchoalveolar,
 author = {Lee, Joyce S and Song, Jin Woo and Wolters, Paul J and Elicker, Brett M and King, TE and Kim, Dong Soon and Collard, Harold R},
 doi = {10.1183/09031936.00050911},
 journal = {European Respiratory Journal},
 number = {2},
 pages = {352--358},
 publisher = {Eur Respiratory Soc},
 title = {Bronchoalveolar lavage pepsin in acute exacerbation of idiopathic pulmonary fibrosis},
 volume = {39},
 year = {2012}
}

@book{leh2005,
 added-at = {2010-03-21T00:26:58.000+0100},
 address = {New York},
 author = {Lehmann, E. L. and Romano, Joseph P.},
 biburl = {http://www.bibsonomy.org/bibtex/28201f448d2af0d4fd287181787c0d128/peter.ralph},
 doi = {10.1007/978-3-030-70578-7},
 edition = {Third},
 interhash = {9517319578e44006dcf98ae19f983394},
 intrahash = {8201f448d2af0d4fd287181787c0d128},
 isbn = {0-387-98864-5},
 mrclass = {62-02 (62C05 62F03 62H15)},
 mrnumber = {MR2135927 (2006m:62005)},
 pages = {xiv+784},
 publisher = {Springer},
 series = {Springer Texts in Statistics},
 timestamp = {2010-03-21T00:26:58.000+0100},
 title = {Testing statistical hypotheses},
 year = {2005}
}

@article{lel93,
 acmid = {166255},
 address = {New York, NY, USA},
 author = {Leland, Will E. and Taqqu, Murad S. and Willinger, Walter and Wilson, Daniel V.},
 doi = {http://doi.acm.org/10.1145/167954.166255},
 issn = {0146-4833},
 issue = {4},
 issue_date = {Oct. 1993},
 journal = {SIGCOMM Comput. Commun. Rev.},
 month = {October},
 numpages = {11},
 pages = {183--193},
 publisher = {ACM},
 title = {On the self-similar nature of Ethernet traffic},
 url = {http://doi.acm.org/10.1145/167954.166255},
 volume = {23},
 year = {1993}
}

@article{ley2011a,
 author = {Ley, B. and Collard, H.R. and King, Jr, T.E.},
 citation-number = {4.},
 doi = {10.1164/rccm.201006-0894CI},
 journal = {Am J Respir Crit Care Med},
 language = {en},
 number = {4},
 pages = {431–40},
 title = {Clinical course and prediction of survival in idiopathic pulmonary fibrosis},
 volume = {183},
 year = {2011}
}

@misc{ley2012risk,
 author = {Ley, Brett and Collard, Harold R},
 doi = {10.1164/rccm.201111-1960ED},
 journal = {American journal of respiratory and critical care medicine},
 number = {1},
 pages = {6--7},
 publisher = {American Thoracic Society},
 title = {Risk prediction in idiopathic pulmonary fibrosis},
 volume = {185},
 year = {2012}
}

@article{ley2017a,
 author = {Ley, B. and Urbania, T. and Husson, G.},
 citation-number = {32.},
 doi = {10.1513/annalsats.201610-764oc},
 journal = {Case Validation and Improvement. Ann Am Thorac Soc},
 language = {en},
 number = {6},
 pages = {880–7},
 title = {Code-based Diagnostic Algorithms for Idiopathic Pulmonary Fibrosis},
 volume = {14},
 year = {2017}
}

@article{ley2017code,
 author = {Ley, Brett and Urbania, Thomas and Husson, Gail and Vittinghoff, Eric and Brush, David R and Eisner, Mark D and Iribarren, Carlos and Collard, Harold R},
 doi = {10.1513/AnnalsATS.201610-764OC},
 journal = {Annals of the American Thoracic Society},
 number = {6},
 pages = {880--887},
 publisher = {American Thoracic Society},
 title = {Code-based diagnostic algorithms for idiopathic pulmonary fibrosis. case validation and improvement},
 volume = {14},
 year = {2017}
}

@article{lfr05,
 author = {C.M. Lagoa and J. Fu and A. Ray},
 doi = {10.1007/0-387-23903-0_3},
 journal = {Automatica},
 number = {8},
 pages = {1339--1345},
 title = {Robust Optimal Control of Regular Languages},
 volume = {41},
 year = {2005}
}

@article{li2019long,
 author = {Li, Timmy and Huang, Yi and Evans, James and Chattopadhyay, Ishanu},
 doi = {10.4324/9780203330869-11},
 journal = {arXiv preprint arXiv:1911.05647},
 title = {Long-range Event-level Prediction and Response Simulation for Urban Crime and Global Terrorism with Granger Networks},
 year = {2019}
}

@inproceedings{lin2003symbolic,
 author = {Lin, Jessica and Keogh, Eamonn and Lonardi, Stefano and Chiu, Bill},
 booktitle = {Proceedings of the 8th ACM SIGMOD workshop on Research issues in data mining and knowledge discovery},
 doi = {10.1145/882082.882086},
 organization = {ACM},
 pages = {2--11},
 title = {A symbolic representation of time series, with implications for streaming algorithms},
 year = {2003}
}

@book{lm95,
 author = {Lind, D. and Marcus, M.},
 doi = {10.1017/9781108899727},
 publisher = {Cambridge University Press, United Kingdom},
 title = {An Introduction to Symbolic Dynamics and Coding},
 year = {1995}
}

@article{loeve1955probability,
 author = {Loeve, Michel},
 doi = {10.1007/978-3-030-61871-1_6},
 publisher = {van Nostrand},
 title = {Probability theory: foundations, random sequences},
 year = {1955}
}

@article{lp87,
 author = {T. Lozano-Perez},
 doi = {10.1109/JRA.1987.1087095},
 journal = {IEEE Transactions on Robotics and Automation},
 number = {3},
 pages = {224--238},
 title = {A simple motion-planning algorithm for general robot manipulators},
 volume = {3},
 year = {1987}
}

@article{lr05,
 author = {Lucas, S.M. and Reynolds, T.J.},
 doi = {10.1109/TPAMI.2005.143},
 issn = {0162-8828},
 journal = {Pattern Analysis and Machine Intelligence, IEEE Transactions on},
 month = {July },
 number = {7},
 pages = {1063--1074},
 title = {Learning deterministic finite automata with a smart state labeling evolutionary algorithm},
 volume = {27},
 year = {2005}
}

@techreport{lt99,
 author = {Lynch, Nancy and Tuttle, Mark },
 citeulike-article-id = {621319},
 doi = {10.1007/978-94-009-2607-3_1},
 institution = {Massachusetts Institute of Technology},
 month = {November},
 number = {MIT/LCS/TM-373},
 posted-at = {2006-05-10 13:31:34},
 priority = {2},
 title = {An Introduction to Input/Output automata},
 type = {Technical Memo},
 year = {1988}
}

@article{ltgranger80,
 author = {Granger, C. W. J. and Joyeux, Roselyne},
 doi = {10.1111/j.1467-9892.1980.tb00297.x},
 journal = {Journal of Time Series Analysis},
 number = {1},
 pages = {15--29},
 title = {AN INTRODUCTION TO LONG-MEMORY TIME SERIES MODELS AND FRACTIONAL DIFFERENCING},
 volume = {1},
 year = {1980}
}

@article{lu2018deep,
 author = {Lu, Ze and Jiang, Xudong and Kot, Alex},
 doi = {10.1109/LSP.2018.2810121},
 journal = {IEEE Signal Processing Letters},
 number = {4},
 pages = {526--530},
 publisher = {IEEE},
 title = {Deep coupled resnet for low-resolution face recognition},
 volume = {25},
 year = {2018}
}

@article{lw88a,
 address = {New York, NY, USA},
 author = {F. Lin and W. M. Wonham},
 doi = {http://dx.doi.org/10.1016/0020-0255(88)90001-1},
 issn = {0020-0255},
 journal = {Inf. Sci.},
 number = {3},
 pages = {199--224},
 publisher = {Elsevier Science Inc.},
 title = {Decentralized control and coordination of discrete event systems with partial observation},
 volume = {44},
 year = {1988}
}

@article{lw88b,
 address = {New York, NY, USA},
 author = {F. Lin and W. M. Wonham},
 doi = {http://dx.doi.org/10.1016/0020-0255(88)90001-1},
 issn = {0020-0255},
 journal = {Inf. Sci.},
 number = {3},
 pages = {173--198},
 publisher = {Elsevier Science Inc.},
 title = {On observability of discrete-event systems},
 volume = {44},
 year = {1988}
}

@article{lw93,
 author = {M. Lawford and W.M. Wonham},
 doi = {10.1109/MWSCAS.1993.343043},
 journal = {Proceedings of 36th Midwest Symposium on Circuits and Systems},
 pages = {327--331},
 title = {Supervisory Control of probabilistic discrete event systems},
 year = {1993}
}

@article{lz69,
 author = {E.T. Lee and L.A. Zadeh},
 doi = {10.1016/0020-0255(69)90025-5},
 journal = {Information Sciences},
 pages = {421--434},
 title = {Note on Fuzzy Languages},
 year = {1969}
}

@article{lz77,
 author = {Jacob Ziv and Abraham Lempel},
 bibsource = {DBLP, http://dblp.uni-trier.de},
 doi = {10.1109/TIT.1977.1055714},
 ee = {http://dx.doi.org/10.1109/TIT.1977.1055714},
 journal = {IEEE Tran on Information Theory},
 number = {3},
 pages = {337--343},
 title = {A universal algorithm for sequential data compression},
 volume = {23},
 year = {1977}
}

@article{lz77opt,
 author = {Wyner, A. D. and Ziv, J.},
 doi = {10.1109/5.286191},
 issn = {00189219},
 journal = {Proceedings of the IEEE},
 number = {6},
 pages = {872--877},
 title = {The sliding-window {Lempel-Ziv} algorithm is asymptotically optimal},
 volume = {82},
 year = {1994}
}

@article{lz78,
 author = {Jacob Ziv and Abraham Lempel},
 bibsource = {DBLP, http://dblp.uni-trier.de},
 doi = {10.1109/TIT.1978.1055934},
 ee = {http://dx.doi.org/10.1109/TIT.1978.1055934},
 journal = {IEEE Tran on Inf. Theory},
 number = {5},
 pages = {530--536},
 title = {Compression of individual sequences via variable-rate coding},
 volume = {24},
 year = {1978}
}

@article{m82,
 author = {M.K. Molloy},
 doi = {10.1109/TC.1982.1676110},
 journal = {IEEE Transactions on Computers},
 number = {9},
 pages = {913--917},
 title = {Performance Analysis Using Stochastic Petri Nets.},
 volume = {C-31},
 year = {September 1982}
}

@book{m89,
 address = {Upper Saddle River, NJ, USA},
 author = {R. Milner},
 doi = {10.1109/mcc.1999.766973},
 isbn = {0-13-115007-3},
 publisher = {Prentice-Hall, Inc.},
 title = {Communication and concurrency},
 year = {1989}
}

@book{ma98,
 author = {Moody, J.O. and Antsaklis, P.J.},
 doi = {10.1007/978-1-4615-5711-1_2},
 publisher = {Kluwer Academic},
 title = {Supervisory Control ofDiscrete Event Systems Using Petri Nets},
 year = {1998}
}

@article{man69,
 author = {Mandelbrot, Benoit B and Wallis, James R},
 doi = {10.1029/wr005i005p00967},
 journal = {Water Resources Research},
 number = {5},
 pages = {967--988},
 publisher = {AGU},
 title = {Robustness of the rescaled range R/S in the measurement of non-cyclic long run statistical dependence},
 volume = {5},
 year = {1969}
}

@article{man71,
 author = {Mandelbrot, Benoit B.},
 copyright = {Copyright © 1971 The MIT Press},
 doi = {10.2307/1937966},
 issn = {00346535},
 journal = {The Review of Economics and Statistics},
 jstor_articletype = {research-article},
 jstor_formatteddate = {Aug., 1971},
 language = {English},
 number = {3},
 pages = {pp. 225--236},
 publisher = {The MIT Press},
 title = {When Can Price be Arbitraged Efficiently? A Limit to the Validity of the Random Walk and Martingale Models},
 url = {http://www.jstor.org/stable/1937966},
 volume = {53},
 year = {1971}
}

@article{mann1947test,
 author = {Mann, Henry B and Whitney, Donald R},
 doi = {10.1214/aoms/1177730491},
 journal = {The annals of mathematical statistics},
 pages = {50--60},
 publisher = {JSTOR},
 title = {On a test of whether one of two random variables is stochastically larger than the other},
 year = {1947}
}

@article{massart1990,
 author = {Massart, P.},
 doi = {10.1214/aop/1176990746},
 issn = {00911798},
 journal = {The Annals of Probability},
 number = {3},
 pages = {pp. 1269--1283},
 title = {The Tight Constant in the DKW Inequality},
 volume = {18},
 year = {1990}
}

@article{matthews2016sparse,
 author = {Matthews, Alexander G de G and Hensman, James and Turner, Richard and Ghahramani, Zoubin},
 doi = {10.1016/0304-4149(95)00090-9},
 journal = {Journal of Machine Learning Research},
 pages = {231--239},
 title = {On sparse variational methods and the Kullback-Leibler divergence between stochastic processes},
 volume = {51},
 year = {2016}
}

@article{mb77,
 author = {Maryanski, F.J. and Booth, T.L.},
 doi = {10.1109/TC.1977.1674878},
 issn = {0018-9340},
 journal = {Computers, IEEE Transactions on},
 month = {june },
 number = {6},
 pages = {521--536},
 title = {Inference of Finite-State Probabilistic Grammars},
 volume = {C-26},
 year = {1977}
}

@article{mc06,
 acmid = {1167095},
 address = {Essex, UK},
 author = {McTague, Carl S. and Crutchfield, James P.},
 doi = {10.1016/j.tcs.2006.05.002},
 issn = {0304-3975},
 issue = {1},
 journal = {Theor. Comput. Sci.},
 month = {August},
 numpages = {23},
 pages = {306--328},
 publisher = {Elsevier Science Publishers Ltd.},
 title = {Automated pattern detection: an algorithm for constructing optimally synchronizing multi-regular language filters},
 url = {http://dl.acm.org/citation.cfm?id=1167073.1167095},
 volume = {359},
 year = {2006}
}

@article{mejia2009idiopathic,
 author = {Mej{\'\i}a, Mayra and Carrillo, Guillermo and Rojas-Serrano, Jorge and Estrada, Andrea and Su{\'a}rez, Teresa and Alonso, Delfino and Barrientos, Emilio and Gaxiola, Miguel and
Navarro, Carmen and Selman, Mois{\'e}s},
 doi = {10.3410/f.1158665.618830},
 journal = {Chest},
 number = {1},
 pages = {10--15},
 publisher = {Elsevier},
 title = {Idiopathic pulmonary fibrosis and emphysema: decreased survival associated with severe pulmonary arterial hypertension},
 volume = {136},
 year = {2009}
}

@article{mekov2020artificial,
 author = {Mekov, Evgeni and Miravitlles, Marc and Petkov, Rosen},
 doi = {10.1080/17476348.2020.1743181},
 journal = {Expert review of respiratory medicine},
 number = {6},
 pages = {559--564},
 publisher = {Taylor \& Francis},
 title = {Artificial intelligence and machine learning in respiratory medicine},
 volume = {14},
 year = {2020}
}

@article{mermigkis2007sleep,
 author = {Mermigkis, Charalampos and Chapman, Jeffrey and Golish, Joseph and Mermigkis, Demetrios and Budur, Kumaraswamy and Kopanakis, Antony and Polychronopoulos, Vlassis and Burgess,
Richard and Foldvary-Schaefer, Nancy},
 doi = {10.1007/s00408-007-9004-3},
 journal = {Lung},
 number = {3},
 pages = {173--178},
 publisher = {Springer},
 title = {Sleep-related breathing disorders in patients with idiopathic pulmonary fibrosis},
 volume = {185},
 year = {2007}
}

@article{mermigkis2010common,
 author = {Mermigkis, Charalampos and Stagaki, Eleni and Tryfon, Stavros and Schiza, Sophia and Amfilochiou, Anastasia and Polychronopoulos, Vlassios and Panagou, Panagiotis and Galanis,
Nikolaos and Kallianos, Anastasios and Mermigkis, Demetrios and others},
 doi = {10.1007/s11325-010-0336-5},
 journal = {Sleep and Breathing},
 number = {4},
 pages = {387--390},
 publisher = {Springer},
 title = {How common is sleep-disordered breathing in patients with idiopathic pulmonary fibrosis?},
 volume = {14},
 year = {2010}
}

@inproceedings{mikolov2010recurrent,
 author = {Mikolov, Tom{\'a}{\v{s}} and Karafi{\'a}t, Martin and Burget, Luk{\'a}{\v{s}} and {\v{C}}ernock{\`y}, Jan and Khudanpur, Sanjeev},
 booktitle = {Eleventh annual conference of the international speech communication association},
 doi = {10.21437/Interspeech.2010-343},
 title = {Recurrent neural network based language model},
 year = {2010}
}

@article{milioli2016sleep,
 author = {Milioli, Giulia and Bosi, Marcello and Poletti, Venerino and Tomassetti, Sara and Grassi, Andrea and Riccardi, Silvia and Terzano, Mario Giovanni and Parrino, Liborio},
 doi = {10.1016/j.smrv.2015.03.005},
 journal = {Sleep medicine reviews},
 pages = {57--63},
 publisher = {Elsevier},
 title = {Sleep and respiratory sleep disorders in idiopathic pulmonary fibrosis},
 volume = {26},
 year = {2016}
}

@article{miotto2016deep,
 author = {Miotto, Riccardo and Li, Li and Kidd, Brian A and Dudley, Joel T},
 doi = {10.1038/srep26094},
 journal = {Scientific reports},
 number = {1},
 pages = {1--10},
 publisher = {Nature Publishing Group},
 title = {Deep patient: an unsupervised representation to predict the future of patients from the electronic health records},
 volume = {6},
 year = {2016}
}

@article{mirabeau2007identification,
 author = {Mirabeau, Olivier and Perlas, Emerald and Severini, Cinzia and Audero, Enrica and Gascuel, Olivier and Possenti, Roberta and Birney, Ewan and Rosenthal, Nadia and Gross, Cornelius},
 doi = {10.1101/gr.5755407},
 journal = {Genome research},
 number = {3},
 pages = {320--327},
 publisher = {Cold Spring Harbor Lab},
 title = {Identification of novel peptide hormones in the human proteome by hidden Markov model screening},
 volume = {17},
 year = {2007}
}

@article{moh97,
 acmid = {972698},
 address = {Cambridge, MA, USA},
 author = {Mohri, Mehryar},
 doi = {10.7551/mitpress/3007.003.0009},
 issn = {0891-2017},
 issue = {2},
 issue_date = {June 1997},
 journal = {Comput. Linguist.},
 month = {jun},
 numpages = {43},
 pages = {269--311},
 publisher = {MIT Press},
 title = {Finite-state transducers in language and speech processing},
 url = {http://dl.acm.org/citation.cfm?id=972695.972698},
 volume = {23},
 year = {1997}
}

@inproceedings{moller2003fuzzy,
 author = {M{\"o}ller-Levet, Carla S and Klawonn, Frank and Cho, Kwang-Hyun and Wolkenhauer, Olaf},
 booktitle = {International Symposium on Intelligent Data Analysis},
 doi = {10.1007/978-3-540-45231-7_31},
 organization = {Springer},
 pages = {330--340},
 title = {Fuzzy clustering of short time-series and unevenly distributed sampling points},
 year = {2003}
}

@article{mont99,
 author = {A. Montanari and M.S. Taqqu and V. Teverovsky},
 doi = {10.1016/S0895-7177(99)00104-1},
 issn = {0895-7177},
 journal = {Mathematical and Computer Modelling},
 number = {10 - 12},
 pages = {217--228},
 title = {Estimating long-range dependence in the presence of periodicity: An empirical study},
 url = {http://www.sciencedirect.com/science/article/pii/S0895717799001041},
 volume = {29},
 year = {1999}
}

@article{mooney2019a,
 author = {Mooney, J. and Chang, E. and Lalla, D.},
 citation-number = {11.},
 doi = {10.1513/AnnalsATS.201806-376RL},
 journal = {Ann Am Thorac Soc},
 language = {en},
 number = {3},
 pages = {393–6},
 title = {Potential Delays in Diagnosis of Idiopathic Pulmonary Fibrosis in Medicare Beneficiaries},
 volume = {16},
 year = {2019}
}

@article{mortimer2019a,
 author = {Mortimer, K. and Hartmann, N. and Chan, C. and Norman, H. and Wallace, L. and Enger, C.},
 citation-number = {35.},
 doi = {10.1186/s12890-018-0759-5},
 journal = {BMC Pulm Med},
 language = {en},
 number = {1},
 pages = {11},
 title = {Characterizing idiopathic pulmonary fibrosis patients using US Medicare-advantage health plan claims data},
 volume = {19},
 year = {2019}
}

@article{mortimer2020a,
 author = {Mortimer, K.M. and Bartels, D.B. and Hartmann, N.},
 citation-number = {36.},
 doi = {10.1159/000504630},
 journal = {Respiration},
 language = {en},
 number = {2},
 pages = {108–18},
 title = {Characterizing Health Outcomes in Idiopathic Pulmonary Fibrosis using US Health Claims Data},
 volume = {99},
 year = {2020}
}

@article{mu89,
 author = {T. Murata},
 doi = {10.1109/5.24143},
 journal = {Proceedings IEEE},
 number = {4},
 pages = {541--540},
 title = {Petri Nets: Properties, Analysis and Applications},
 volume = {77},
 year = {April 1989}
}

@techreport{mu96,
 author = {K. Murphy},
 doi = {10.1017/cbo9781139194655.017},
 institution = {Santa Fe Institute},
 key = {96-04-017},
 title = {Passively learning finite automata},
 url = {citeseer.ist.psu.edu/murphy95passively.html},
 year = {1996}
}

@article{mw78,
 author = {A. Vander-Mude and Adrian Walker},
 bibsource = {DBLP, http://dblp.uni-trier.de},
 doi = {10.1016/s0019-9958(78)90106-7},
 ee = {http://dx.doi.org/10.1016/S0019-9958(78)90106-7},
 journal = {Information and Control},
 number = {3},
 pages = {310--329},
 title = {On the Inference of Stochastic Regular Grammars},
 volume = {38},
 year = {1978}
}

@article{mz93,
 author = {H. Mortzavian},
 doi = {10.1093/oxfordhb/9780199276349.013.0023},
 journal = {Proceedings of 1993 Allerton Conference},
 pages = {938--947},
 title = {Controlled stochastic languages},
 year = {Urbana, IL, 1993}
}

@article{n63,
 author = {North, D.O.},
 doi = {10.1109/PROC.1963.2383},
 issn = {0018-9219},
 journal = {Proceedings of the IEEE},
 month = {July},
 number = {7},
 pages = {1016--1027},
 title = {An Analysis of the factors which determine signal/noise discrimination in pulsed-carrier systems},
 volume = {51},
 year = {1963}
}

@article{nathan2010prevalence,
 author = {Nathan, Steven D and Basavaraj, Ashwin and Reichner, Cristina and Shlobin, Oksana A and Ahmad, Shahzad and Kiernan, Joseph and Burton, Nelson and Barnett, Scott D},
 doi = {10.1016/j.rmed.2010.02.008},
 journal = {Respiratory medicine},
 number = {7},
 pages = {1035--1041},
 publisher = {Elsevier},
 title = {Prevalence and impact of coronary artery disease in idiopathic pulmonary fibrosis},
 volume = {104},
 year = {2010}
}

@article{nathan2019pulmonary,
 author = {Nathan, Steven D and Barbera, Joan A and Gaine, Sean P and Harari, Sergio and Martinez, Fernando J and Olschewski, Horst and Olsson, Karen M and Peacock, Andrew J and Pepke-Zaba,
Joanna and Provencher, Steeve and others},
 doi = {10.1183/13993003.01914-2018},
 journal = {European Respiratory Journal},
 number = {1},
 publisher = {Eur Respiratory Soc},
 title = {Pulmonary hypertension in chronic lung disease and hypoxia},
 volume = {53},
 year = {2019}
}

@article{navarro2001guided,
 author = {Navarro, Gonzalo},
 doi = {10.1145/375360.375365},
 journal = {ACM computing surveys (CSUR)},
 number = {1},
 pages = {31--88},
 publisher = {ACM},
 title = {A guided tour to approximate string matching},
 volume = {33},
 year = {2001}
}

@article{newcombe1994confidence,
 author = {Newcombe, Robert G and Vollset, Stein Emil},
 doi = {10.1002/sim.4780131209},
 journal = {Statistics in medicine},
 number = {12},
 pages = {1283--1285},
 publisher = {Wiley Online Library},
 title = {Confidence intervals for a binomial proportion},
 volume = {13},
 year = {1994}
}

@article{newcombe1998two,
 author = {Newcombe, Robert G},
 doi = {10.1002/(SICI)1097-0258(19980430)17:8%3C857::AID-SIM777%3E3.0.CO;2-E},
 journal = {Statistics in medicine},
 number = {8},
 pages = {857--872},
 publisher = {Wiley Online Library},
 title = {Two-sided confidence intervals for the single proportion: comparison of seven methods},
 volume = {17},
 year = {1998}
}

@book{newton1988,
 author = {Newton, H.J.},
 doi = {10.2307/2532075},
 isbn = {9780534091989},
 lccn = {87038202},
 note = {Downloaded from Time Series Data Library maintained by R.J. Hyndman at http://data.is/TSDLdemo},
 publisher = {Brooks/Cole Pub. Co.},
 series = {The Wadsworth \& Brooks/Cole statistics/probability series},
 title = {TIMESLAB: a time series analysis laboratory},
 url = {http://books.google.com/books?id=oFUZAQAAIAAJ},
 year = {1988}
}

@inproceedings{nic57,
 author = {Nicholson, A. J.},
 booktitle = {Cold Spring Harbor Symposium on Quantitative Biology 223},
 doi = {10.1101/SQB.1957.022.01.017},
 note = {Downloaded from Time Series Data Library maintained by R.J. Hyndman at http://data.is/TSDLdemo},
 pages = {153--173},
 title = {The self-adjustment of populations to change},
 url = {http://www.stat.berkeley.edu/~brill/blowfly97I.html},
 year = {1957}
}

@article{noble2011pirfenidone,
 author = {Noble, Paul W and Albera, Carlo and Bradford, Williamson Z and Costabel, Ulrich and Glassberg, Marilyn K and Kardatzke, David and King Jr, Talmadge E and Lancaster, Lisa and Sahn,
Steven A and Szwarcberg, Javier and others},
 doi = {10.1016/S0140-6736(11)60405-4},
 journal = {The Lancet},
 number = {9779},
 pages = {1760--1769},
 publisher = {Elsevier},
 title = {Pirfenidone in patients with idiopathic pulmonary fibrosis (CAPACITY): two randomised trials},
 volume = {377},
 year = {2011}
}

@article{nogee2001mutation,
 author = {Nogee, Lawrence M and Dunbar, Alston E and Wert, Susan E and Askin, Frederic and Hamvas, Aaron and Whitsett, Jeffrey A},
 doi = {10.1056/NEJM200102223440805},
 journal = {New England Journal of Medicine},
 number = {8},
 pages = {573--579},
 publisher = {Mass Medical Soc},
 title = {A mutation in the surfactant protein C gene associated with familial interstitial lung disease},
 volume = {344},
 year = {2001}
}

@article{of2007,
 author = {Osorio, Ivan and Frei, Mark G},
 doi = {10.4310/cis.2007.v7.n2.a4},
 journal = {Physical Review E},
 number = {2},
 pages = {167--176},
 publisher = {Citeseer},
 title = {Hurst parameter estimation for epileptic seizure detection},
 url = {http://citeseerx.ist.psu.edu/viewdoc/download?doi=10.1.1.138.3735&rep=rep1&type=pdf},
 volume = {7},
 year = {2007}
}

@article{oh2012smoking,
 author = {Oh, Chad K and Murray, Lynne A and Molfino, Nestor A},
 doi = {10.1155/2012/808260},
 journal = {Pulmonary medicine},
 publisher = {Hindawi},
 title = {Smoking and idiopathic pulmonary fibrosis},
 volume = {2012},
 year = {2012}
}

@article{ohkubo2018computer,
 author = {Ohkubo, Hirotsugu and Nakagawa, Hiroaki and Niimi, Akio},
 doi = {10.1016/j.resinv.2017.10.003},
 journal = {Respiratory investigation},
 number = {1},
 pages = {5--13},
 publisher = {Elsevier},
 title = {Computer-based quantitative computed tomography image analysis in idiopathic pulmonary fibrosis: A mini review},
 volume = {56},
 year = {2018}
}

@article{oldham2014a,
 author = {Oldham, J.M. and Noth, I.},
 citation-number = {19.},
 doi = {10.1016/j.rmed.2014.03.008},
 journal = {Respir Med},
 language = {en},
 number = {6},
 pages = {819–29},
 title = {Idiopathic pulmonary fibrosis: early detection and referral},
 volume = {108},
 year = {2014}
}

@article{oldham2018a,
 author = {Oldham, J.M. and Adegunsoye, A. and Khera, S.},
 citation-number = {24.},
 doi = {10.1513/AnnalsATS.201801-053RL},
 journal = {Ann Am Thorac Soc},
 language = {en},
 number = {6},
 pages = {764–6},
 title = {Underreporting of Interstitial Lung Abnormalities on Lung Cancer Screening Computed Tomography},
 volume = {15},
 year = {2018}
}

@article{onishchenko2021reduced,
 author = {Onishchenko, Dmytro and Huang, Yi and van Horne, James and Smith, Peter J and Msall, Michael E and Chattopadhyay, Ishanu},
 doi = {10.1126/sciadv.abf0354},
 journal = {Science advances},
 number = {41},
 pages = {eabf0354},
 publisher = {American Association for the Advancement of Science},
 title = {Reduced false positives in autism screening via digital biomarkers inferred from deep comorbidity patterns},
 volume = {7},
 year = {2021}
}

@article{ono2011surfactant,
 author = {Ono, Shinji and Tanaka, Takeshi and Ishida, Masayuki and Kinoshita, Akira and Fukuoka, Junya and Takaki, M and Sakamoto, N and Ishimatsu, Y and Kohno, S and Hayashi, T and others},
 doi = {10.1183/09031936.00143610},
 journal = {European Respiratory Journal},
 number = {4},
 pages = {861--869},
 publisher = {Eur Respiratory Soc},
 title = {Surfactant protein C G100S mutation causes familial pulmonary fibrosis in Japanese kindred},
 volume = {38},
 year = {2011}
}

@inproceedings{ordentlich2005approximations,
 author = {Ordentlich, Erik and Weissman, Tsachy},
 booktitle = {Proceedings. International Symposium on Information Theory, 2005. ISIT 2005.},
 doi = {10.1109/ISIT.2005.1523737},
 organization = {IEEE},
 pages = {2198--2202},
 title = {Approximations for the entropy rate of a hidden Markov process},
 year = {2005}
}

@book{p71,
 address = {Orlando, FL, USA},
 author = {A. Paz},
 doi = {10.1016/b978-0-12-547650-8.50001-2},
 isbn = {0125476507},
 publisher = {Academic Press, Inc.},
 title = {Introduction to probabilistic automata (Computer science and applied mathematics)},
 year = {1971}
}

@book{p88,
 address = {San Francisco, CA, USA},
 author = {J. Pearl},
 doi = {10.1016/0004-3702(91)90084-w},
 isbn = {1558604790},
 publisher = {Morgan Kaufmann Publishers Inc.},
 title = {Probabilistic Reasoning in Intelligent Systems: Networks of Plausible Inference},
 year = {1988}
}

@book{padgett2012emergence,
 author = {Padgett, John F and Powell, Walter W},
 doi = {10.1515/9781400845552},
 publisher = {Princeton University Press},
 title = {The emergence of organizations and markets},
 year = {2012}
}

@article{paul93,
 author = {Gabriele Paul},
 doi = {10.1007/BF00849080},
 journal = {Artificial Intelligence Review},
 number = {2},
 pages = {109--152},
 title = {Approaches to Abductive Reasoning - An Overview},
 volume = {7},
 year = {1993}
}

@book{pearl:2009:cmr:1642718,
 address = {New York, NY, USA},
 author = {Pearl, Judea},
 doi = {10.1017/CBO9780511803161},
 edition = {2nd},
 isbn = {052189560X, 9780521895606},
 publisher = {Cambridge University Press},
 title = {Causality: Models, Reasoning and Inference},
 year = {2009}
}

@book{peebles2001probability,
 author = {Peebles, Peyton Z},
 doi = {10.1002/0471998303.ch5},
 publisher = {McGraw-Hill New York, NY, USA:},
 title = {Probability, random variables, and random signal principles},
 volume = {3},
 year = {2001}
}

@book{pei31,
 author = {Peirce, Charles Sanders},
 doi = {10.1086/346988},
 editor = {Hartshorne, Charles and Weiss, PaulEditors},
 journal = {Search},
 number = {1},
 pages = {8},
 publisher = {Harvard University Press},
 title = {The Collected Papers of Charles Sanders Peirce},
 url = {http://alias.libraries.psu.edu/eresources/PASTMASTERS},
 volume = {4},
 year = {1931}
}

@article{perotte2015risk,
 author = {Perotte, Adler and Ranganath, Rajesh and Hirsch, Jamie S and Blei, David and Elhadad, No{\'e}mie},
 doi = {10.1093/jamia/ocv024},
 journal = {Journal of the American Medical Informatics Association},
 number = {4},
 pages = {872--880},
 publisher = {Oxford University Press},
 title = {Risk prediction for chronic kidney disease progression using heterogeneous electronic health record data and time series analysis},
 volume = {22},
 year = {2015}
}

@article{petitjean2011global,
 author = {Petitjean, Fran{\c{c}}ois and Ketterlin, Alain and Gan{\c{c}}arski, Pierre},
 doi = {10.1016/j.patcog.2010.09.013},
 journal = {Pattern Recognition},
 number = {3},
 pages = {678--693},
 publisher = {Elsevier},
 title = {A global averaging method for dynamic time warping, with applications to clustering},
 volume = {44},
 year = {2011}
}

@article{pmid19737791,
 author = {King, M. and Bearman, P. },
 doi = {10.1093/ije/dyp261},
 journal = {Int J Epidemiol},
 month = {Oct},
 number = {5},
 pages = {1224--1234},
 title = {{{D}iagnostic change and the increased prevalence of autism}},
 volume = {38},
 year = {2009}
}

@article{pmid22296740,
 author = {Swigris, J. J. and Olson, A. L. and Huie, T. J. and Fernandez-Perez, E. R. and Solomon, J. and Sprunger, D. and Brown, K. K. },
 doi = {10.1016/j.rmed.2012.01.002},
 journal = {Respir Med},
 month = {Apr},
 number = {4},
 pages = {588--593},
 title = {{{E}thnic and racial differences in the presence of idiopathic pulmonary fibrosis at death}},
 volume = {106},
 year = {2012}
}

@article{pmid22495912,
 author = {Elsabbagh, M. and Divan, G. and Koh, Y. J. and Kim, Y. S. and Kauchali, S. and Marcin, C. and Montiel-Nava, C. and Patel, V. and Paula, C. S. and Wang, C. and Yasamy, M. T. and
Fombonne, E. },
 doi = {10.1002/aur.239},
 journal = {Autism Res},
 month = {Jun},
 number = {3},
 pages = {160--179},
 title = {{{G}lobal prevalence of autism and other pervasive developmental disorders}},
 volume = {5},
 year = {2012}
}

@article{pmid22511918,
 author = {Kohane, I. S. and McMurry, A. and Weber, G. and MacFadden, D. and Rappaport, L. and Kunkel, L. and Bickel, J. and Wattanasin, N. and Spence, S. and Murphy, S. and Churchill, S. },
 doi = {10.1371/journal.pone.0033224},
 journal = {PLoS ONE},
 number = {4},
 pages = {e33224},
 title = {{{T}he co-morbidity burden of children and young adults with autism spectrum disorders}},
 volume = {7},
 year = {2012}
}

@article{pmid23583980,
 author = {Fingerlin, T. E. and Murphy, E. and Zhang, W. and Peljto, A. L. and Brown, K. K. and Steele, M. P. and Loyd, J. E. and Cosgrove, G. P. and Lynch, D. and Groshong, S. and Collard, H.
R. and Wolters, P. J. and Bradford, W. Z. and Kossen, K. and Seiwert, S. D. and du Bois, R. M. and Garcia, C. K. and Devine, M. S. and Gudmundsson, G. and Isaksson, H. J. and
Kaminski, N. and Zhang, Y. and Gibson, K. F. and Lancaster, L. H. and Cogan, J. D. and Mason, W. R. and Maher, T. M. and Molyneaux, P. L. and Wells, A. U. and Moffatt, M. F. and
Selman, M. and Pardo, A. and Kim, D. S. and Crapo, J. D. and Make, B. J. and Regan, E. A. and Walek, D. S. and Daniel, J. J. and Kamatani, Y. and Zelenika, D. and Smith, K. and
McKean, D. and Pedersen, B. S. and Talbert, J. and Kidd, R. N. and Markin, C. R. and Beckman, K. B. and Lathrop, M. and Schwarz, M. I. and Schwartz, D. A. },
 doi = {10.1038/ng.2609},
 journal = {Nat Genet},
 month = {Jun},
 number = {6},
 pages = {613--620},
 title = {{{G}enome-wide association study identifies multiple susceptibility loci for pulmonary fibrosis}},
 volume = {45},
 year = {2013}
}

@article{pmid24434656,
 author = {Wei, R. and Li, C. and Zhang, M. and Jones-Hall, Y. L. and Myers, J. L. and Noth, I. and Liu, W. },
 doi = {10.1016/j.trsl.2013.12.006},
 journal = {Transl Res},
 month = {May},
 number = {5},
 pages = {494--502},
 title = {{{A}ssociation between {M}{U}{C}5{B} and {T}{E}{R}{T} polymorphisms and different interstitial lung disease phenotypes}},
 volume = {163},
 year = {2014}
}

@article{pmid25607374,
 author = {Cogan, J. D. and Kropski, J. A. and Zhao, M. and Mitchell, D. B. and Rives, L. and Markin, C. and Garnett, E. T. and Montgomery, K. H. and Mason, W. R. and McKean, D. F. and Powers,
J. and Murphy, E. and Olson, L. M. and Choi, L. and Cheng, D. S. and Blue, E. M. and Young, L. R. and Lancaster, L. H. and Steele, M. P. and Brown, K. K. and Schwarz, M. I. and
Fingerlin, T. E. and Schwartz, D. A. and Lawson, W. E. and Loyd, J. E. and Zhao, Z. and Phillips, J. A. and Blackwell, T. S. },
 doi = {10.1164/rccm.201408-1510OC},
 journal = {Am J Respir Crit Care Med},
 month = {Mar},
 number = {6},
 pages = {646--655},
 title = {{{R}are variants in {R}{T}{E}{L}1 are associated with familial interstitial pneumonia}},
 volume = {191},
 year = {2015}
}

@article{pmid28883924,
 author = {Zhao, Y. D. and Yin, L. and Archer, S. and Lu, C. and Zhao, G. and Yao, Y. and Wu, L. and Hsin, M. and Waddell, T. K. and Keshavjee, S. and Granton, J. and de Perrot, M. },
 doi = {10.1136/bmjresp-2017-000183},
 journal = {BMJ Open Respir Res},
 number = {1},
 pages = {e000183},
 title = {{{M}etabolic heterogeneity of idiopathic pulmonary fibrosis: a metabolomic study}},
 volume = {4},
 year = {2017}
}

@article{pmid29724923,
 author = {Adegunsoye, A. and Oldham, J. M. and Bellam, S. K. and Chung, J. H. and Chung, P. A. and Biblowitz, K. M. and Montner, S. and Lee, C. and Hsu, S. and Husain, A. N. and Vij, R. and
Mutlu, G. and Noth, I. and Churpek, M. M. and Strek, M. E. },
 doi = {10.1183/13993003.00255-2018},
 journal = {Eur Respir J},
 month = {06},
 number = {6},
 title = {{{A}frican-{A}merican race and mortality in interstitial lung disease: a multicentre propensity-matched analysis}},
 volume = {51},
 year = {2018}
}

@article{pmid30733689,
 author = {Tye, C. and Runicles, A. K. and Whitehouse, A. J. O. and Alvares, G. A. },
 doi = {10.3389/fpsyt.2019.00438},
 journal = {Front Psychiatry},
 pages = {751},
 title = {{{C}haracterizing the {I}nterplay {B}etween {A}utism {S}pectrum {D}isorder and {C}omorbid {M}edical {C}onditions: {A}n {I}ntegrative {R}eview}},
 volume = {9},
 year = {2018}
}

@article{pmid31483764,
 author = {Christe, A. and Peters, A. A. and Drakopoulos, D. and Heverhagen, J. T. and Geiser, T. and Stathopoulou, T. and Christodoulidis, S. and Anthimopoulos, M. and Mougiakakou, S. G. and
Ebner, L. },
 doi = {10.1097/RLI.0000000000000574},
 journal = {Invest Radiol},
 month = {10},
 number = {10},
 pages = {627--632},
 title = {{{C}omputer-{A}ided {D}iagnosis of {P}ulmonary {F}ibrosis {U}sing {D}eep {L}earning and {C}{T} {I}mages}},
 volume = {54},
 year = {2019}
}

@article{pn2010,
 author = {Polychronaki, G E and Ktonas, P Y and Gatzonis, S and Siatouni, A and Asvestas, P A and Tsekou, H and Sakas, D and Nikita, K S},
 doi = {10.1109/BIBE.2008.4696822},
 journal = {Journal of Neural Engineering},
 number = {4},
 pages = {046007},
 publisher = {IEEE},
 title = {Comparison of fractal dimension estimation algorithms for epileptic seizure onset detection.},
 url = {http://www.ncbi.nlm.nih.gov/pubmed/20571184},
 volume = {7},
 year = {2010}
}

@article{poll91,
 author = {Jordan B. Pollack},
 bibsource = {DBLP, http://dblp.uni-trier.de},
 doi = {10.1007/BF00114845},
 ee = {http://dx.doi.org/10.1007/BF00114845},
 journal = {Machine Learning},
 pages = {227--252},
 title = {The Induction of Dynamical Recognizers},
 volume = {7},
 year = {1991}
}

@inproceedings{pop73,
 acmid = {1624793},
 address = {San Francisco, CA, USA},
 author = {Pople, Harry E.},
 booktitle = {Proceedings of the 3rd international joint conference on Artificial intelligence},
 doi = {10.1016/s0743-1066(97)00074-5},
 location = {Stanford, USA},
 numpages = {6},
 pages = {147--152},
 publisher = {Morgan Kaufmann Publishers Inc.},
 title = {On the mechanization of abductive logic},
 url = {http://dl.acm.org/citation.cfm?id=1624775.1624793},
 year = {1973}
}

@article{ppc02,
 author = {S. Phoha and E. Peluso and R.L. Culver},
 doi = {10.1109/48.972107},
 journal = {IEEE Journal of Oceanic Engineering, Special Issue on Autonomous Ocean Sampling Networks},
 number = {4},
 pages = {646--653},
 title = {A High Fidelity Ocean Sampling Mobile Network (SAMON) Simulator},
 volume = {26},
 year = {2002}
}

@book{pr00,
 address = {Boston, MA},
 author = {Proakis, John},
 day = {15},
 doi = {10.1002/9781119190035.oth1},
 edition = {4},
 howpublished = {Hardcover},
 isbn = {0072321113},
 month = {August},
 posted-at = {2006-01-21 22:26:39},
 priority = {2},
 publisher = {McGraw-Hill Science/Engineering/Math},
 title = {Digital Communications},
 year = {2000}
}

@article{pritchard2019a,
 author = {Pritchard, D. and Adegunsoye, A. and Lafond, E.},
 citation-number = {12.},
 doi = {10.1186/s12931-019-1228-2},
 journal = {Respir Res},
 language = {en},
 number = {1},
 pages = {253},
 title = {Diagnostic test interpretation and referral delay in patients with interstitial lung disease},
 volume = {20},
 year = {2019}
}

@article{putman2014a,
 author = {Putman, R.K. and Rosas, I.O. and Hunninghake, G.M.},
 citation-number = {8.},
 doi = {10.1164/rccm.201312-2219PP},
 journal = {Am J Respir Crit Care Med},
 language = {en},
 number = {7},
 pages = {770–8},
 title = {Genetics and early detection in idiopathic pulmonary fibrosis},
 volume = {189},
 year = {2014}
}

@article{pw93,
 acmid = {138042},
 address = {New York, NY, USA},
 author = {Pitt, Leonard and Warmuth, Manfred K.},
 doi = {http://doi.acm.org/10.1145/138027.138042},
 issn = {0004-5411},
 issue = {1},
 journal = {J. ACM},
 month = {January},
 numpages = {48},
 pages = {95--142},
 publisher = {ACM},
 title = {The minimum consistent DFA problem cannot be approximated within any polynomial},
 url = {http://doi.acm.org/10.1145/138027.138042},
 volume = {40},
 year = {1993}
}

@article{qhull,
 acmid = {235821},
 address = {New York, NY, USA},
 author = {Barber, C. Bradford and Dobkin, David P. and Huhdanpaa, Hannu},
 doi = {10.1145/235815.235821},
 issn = {0098-3500},
 issue_date = {Dec. 1996},
 journal = {ACM Trans. Math. Softw.},
 month = {dec},
 number = {4},
 numpages = {15},
 pages = {469--483},
 publisher = {ACM},
 title = {The quickhull algorithm for convex hulls},
 volume = {22},
 year = {1996}
}

@article{r04,
 author = {Ray, A.},
 doi = {10.1016/j.sigpro.2004.03.011},
 journal = {Signal Processing},
 number = {7},
 pages = {1115--1130},
 title = {Symbolic Dynamic Analysis of Complex Systems for Anomaly Detection},
 volume = {84},
 year = {2004}
}

@article{r05,
 author = {A. Ray},
 doi = {10.1080/00207170500202447},
 journal = {Int. J. Control},
 number = {12},
 pages = {949--967},
 title = {Signed real measure of regular languages for discrete-event supervisory control},
 volume = {78},
 year = {2005}
}

@article{r63,
 author = {M.O. Rabin},
 doi = {10.18122/td/1597/boisestate},
 journal = {Information and Control},
 pages = {230--245},
 title = {Probablistic Automata},
 volume = {6},
 year = {1963}
}

@article{r89,
 author = {Rabiner, L.R.},
 doi = {10.1016/b978-0-08-051584-7.50027-9},
 journal = {Proceedings of the IEEE},
 number = {2},
 pages = {257--286},
 title = {A Tutorial on Hidden Markov Models and Selected Applications in Speech Processing},
 volume = {77},
 year = {1989}
}

@article{raghu2003role,
 author = {Raghu, Ganesh},
 doi = {10.1016/S0002-9343(03)00195-5},
 journal = {The American journal of medicine},
 number = {3},
 pages = {60--64},
 publisher = {Elsevier},
 title = {The role of gastroesophageal reflux in idiopathic pulmonary fibrosis},
 volume = {115},
 year = {2003}
}

@article{raghu2015a,
 author = {Raghu, G. and Amatto, V.C. and Behr, J. and Stowasser, S.},
 citation-number = {29.},
 doi = {10.1183/13993003.02316-2014},
 journal = {Eur Respir J},
 language = {en},
 number = {4},
 pages = {1113–30},
 title = {Comorbidities in idiopathic pulmonary fibrosis patients: a systematic literature review},
 volume = {46},
 year = {2015}
}

@article{raghu2018a,
 author = {Raghu, G. and Remy-Jardin, M. and Myers, J.L.},
 citation-number = {2.},
 doi = {10.1164/rccm.201807-1255ST},
 journal = {Am J Respir Crit Care Med},
 language = {en},
 number = {5},
 pages = {44– 68},
 title = {Diagnosis of Idiopathic Pulmonary Fibrosis. An Official ATS/ERS/JRS/ALAT Clinical Practice Guideline},
 volume = {198},
 year = {2018}
}

@article{raghu2019a,
 author = {Raghu, G.},
 citation-number = {3.},
 doi = {10.1016/S2213-2600(19)30311-X},
 journal = {Lancet Respir Med},
 language = {en},
 number = {11},
 pages = {926–9},
 title = {Idiopathic pulmonary fibrosis: shifting the concept to irreversible pulmonary fibrosis of many entities},
 volume = {7},
 year = {2019}
}

@article{raghu2019b,
 author = {Raghu, G. and Flaherty, K.R. and Lederer, D.J.},
 citation-number = {26.},
 doi = {10.1016/S2213-2600(19)30059-1},
 journal = {Lancet Respir Med},
 language = {en},
 number = {6},
 pages = {487–96},
 title = {Use of a molecular classifier to identify usual interstitial pneumonia in conventional transbronchial lung biopsy samples: a prospective validation study},
 volume = {7},
 year = {2019}
}

@book{ray2012graph,
 author = {Ray, Santanu Saha},
 doi = {10.1007/0-387-25036-0_3},
 publisher = {Springer Science \& Business Media},
 title = {Graph theory with algorithms and its applications: in applied science and technology},
 year = {2012}
}

@techreport{repec:boc:bocoec:744,
 author = {White, Halbert and Chalak, Karim and Lu, Xun},
 doi = {10.1093/oso/9780199754649.003.0007},
 institution = {Boston College Department of Economics},
 number = {744},
 title = {Linking Granger Causality and the Pearl Causal Model with Settable Systems},
 type = {Boston College Working Papers in Economics},
 url = {https://EconPapers.repec.org/RePEc:boc:bocoec:744},
 year = {2010}
}

@article{rezende2014stochastic,
 author = {Rezende, Danilo Jimenez and Mohamed, Shakir and Wierstra, Daan},
 doi = {10.1201/9781003028543-3},
 journal = {arXiv preprint arXiv:1401.4082},
 title = {Stochastic backpropagation and approximate inference in deep generative models},
 year = {2014}
}

@article{rfl04,
 author = {A. Ray and J. Fu and C.M. Lagoa},
 doi = {10.1080/0020717042000273762},
 journal = {International Journal of Control},
 number = {12},
 pages = {1083--1100},
 title = {Optimal Supervisory Control of Finite State Automata},
 volume = {77},
 year = {2004}
}

@article{rhg01,
 added-at = {2011-06-03T00:00:00.000+0200},
 author = {Ritke, Ronn and Hong, Xiaoyan and Gerla, Mario},
 biburl = {http://www.bibsonomy.org/bibtex/2189bd171a142ad376a683a4fcb772f1e/dblp},
 doi = {10.1016/s0166-5316(00)00046-8},
 ee = {http://dx.doi.org/10.1023/A:1009063114616},
 interhash = {919576a6c4e62d3bb156272e61dccef8},
 intrahash = {189bd171a142ad376a683a4fcb772f1e},
 journal = {Telecommunication Systems},
 number = {1-2},
 pages = {159--175},
 timestamp = {2011-06-03T00:00:00.000+0200},
 title = {Contradictory relationship between Hurst parameter and queueing performance (extended version).},
 url = {http://dblp.uni-trier.de/db/journals/telsys/telsys16.html#RitkeHG01},
 volume = {16},
 year = {2001}
}

@article{rich96,
 author = {Richard T. and Baillie},
 doi = {10.1016/0304-4076(95)01732-1},
 issn = {0304-4076},
 journal = {Journal of Econometrics},
 number = {1},
 pages = {5--59},
 title = {Long memory processes and fractional integration in econometrics},
 url = {http://www.sciencedirect.com/science/article/pii/0304407695017321},
 volume = {73},
 year = {1996}
}

@article{richards2012peripheral,
 author = {Richards, Thomas J and Kaminski, Naftali and Baribaud, Fred and Flavin, Susan and Brodmerkel, Carrie and Horowitz, Daniel and Li, Katherine and Choi, Jiin and Vuga, Louis J and
Lindell, Kathleen O and others},
 doi = {10.1164/rccm.201101-0058OC},
 journal = {American journal of respiratory and critical care medicine},
 number = {1},
 pages = {67--76},
 publisher = {American Thoracic Society},
 title = {Peripheral blood proteins predict mortality in idiopathic pulmonary fibrosis},
 volume = {185},
 year = {2012}
}

@article{richeldi2014efficacy,
 author = {Richeldi, Luca and Du Bois, Roland M and Raghu, Ganesh and Azuma, Arata and Brown, Kevin K and Costabel, Ulrich and Cottin, Vincent and Flaherty, Kevin R and Hansell, David M and
Inoue, Yoshikazu and others},
 doi = {10.1056/NEJMoa1402584},
 journal = {New England Journal of Medicine},
 number = {22},
 pages = {2071--2082},
 publisher = {Mass Medical Soc},
 title = {Efficacy and safety of nintedanib in idiopathic pulmonary fibrosis},
 volume = {370},
 year = {2014}
}

@article{rissanen83,
 author = {Rissanen, J.},
 doi = {10.1109/TIT.1983.1056741},
 issn = {0018-9448},
 journal = { IEEE Trans. on Inf. Theory,},
 number = {5},
 pages = {656--664},
 title = {A universal data compression system},
 volume = {29},
 year = {1983}
}

@book{rpp05,
 address = {New York},
 author = {A. Ray and V. Phoha and S. Phoha},
 doi = {10.1007/b103444},
 publisher = {Springer},
 title = {Quantitative measure for discrete event supervisory control},
 year = {2005}
}

@inproceedings{rr05,
 address = {Seville, Spain},
 author = {V. Rajagopalan and A. Ray},
 booktitle = {Proceedings of 44th IEEE Conference on Decision and Control and European Control Conference},
 doi = {10.1109/CDC.2005.1582995},
 month = {December},
 title = {Wavelet-based Space partitioning for Symbolic Time Series Analysis},
 year = {2005}
}

@article{rr06,
 author = {V. Rajagopalan and A.Ray},
 doi = {10.1016/j.sigpro.2006.01.014},
 journal = {Signal Processing},
 number = {11},
 owner = {MYasar},
 pages = {3309--3320},
 timestamp = {2006.06.06},
 title = {Symbolic Time Series Analysis via Wavelet-Based Partitioning},
 volume = {86},
 year = {2006}
}

@inproceedings{rst94,
 author = {Dana Ron and Yoram Singer and Naftali Tishby},
 booktitle = {Computational Learing Theory},
 doi = {10.1145/180139.181006},
 pages = {35--46},
 title = {Learning Probabilistic Automata with Variable Memory Length},
 url = {citeseer.ist.psu.edu/ron94learning.html},
 year = {1994}
}

@inproceedings{rst95,
 acmid = {225302},
 address = {New York, NY, USA},
 author = {Ron, Dana and Singer, Yoram and Tishby, Naftali},
 booktitle = {Proceedings of the eighth annual conference on Computational learning theory},
 doi = {http://doi.acm.org/10.1145/225298.225302},
 isbn = {0-89791-723-5},
 location = {Santa Cruz, California, United States},
 numpages = {10},
 pages = {31--40},
 publisher = {ACM},
 series = {COLT '95},
 title = {On the learnability and usage of acyclic probabilistic finite automata},
 url = {http://doi.acm.org/10.1145/225298.225302},
 year = {1995}
}

@article{rst98,
 author = {Dana Ron and Yoram Singer and Naftali Tishby},
 doi = {10.1006/jcss.1997.1555},
 issn = {0022-0000},
 journal = {Journal of Computer and System Sciences},
 number = {2},
 pages = {133--152},
 title = {On the Learnability and Usage of Acyclic Probabilistic Finite Automata},
 url = {http://www.sciencedirect.com/science/article/pii/S0022000097915555},
 volume = {56},
 year = {1998}
}

@book{rud88,
 author = {Rudin, W.},
 doi = {10.1137/1022075},
 publisher = {McGraw Hill, New York},
 title = {Real and Complex Analysis, 3rd ed.},
 year = {1988}
}

@article{rw87,
 author = {P. J. Ramadge and W. M. Wonham},
 doi = {10.1007/BFb0006306},
 journal = {SIAM J. Control and Optimization},
 number = {1},
 pages = {206--230},
 title = {Supervisory Control of a Class of Discrete Event Processes},
 volume = {25},
 year = {1987}
}

@article{ryerson2013clinical,
 author = {Ryerson, Christopher J and Hartman, Thomas and Elicker, Brett M and Ley, Brett and Lee, Joyce S and Abbritti, Marta and Jones, Kirk D and King Jr, Talmadge E and Ryu, Jay and
Collard, Harold R},
 doi = {10.1378/chest.12-2403},
 journal = {Chest},
 number = {1},
 pages = {234--240},
 publisher = {Elsevier},
 title = {Clinical features and outcomes in combined pulmonary fibrosis and emphysema in idiopathic pulmonary fibrosis},
 volume = {144},
 year = {2013}
}

@article{ryerson2015predicting,
 author = {Ryerson, Christopher J and O'Connor, Darragh and Dunne, James V and Schooley, Fran and Hague, Cameron J and Murphy, Darra and Leipsic, Jonathon and Wilcox, Pearce G},
 doi = {10.1378/chest.15-0003},
 journal = {Chest},
 number = {5},
 pages = {1268--1275},
 publisher = {Elsevier},
 title = {Predicting mortality in systemic sclerosis-associated interstitial lung disease using risk prediction models derived from idiopathic pulmonary fibrosis},
 volume = {148},
 year = {2015}
}

@article{ryerson2019effects,
 author = {Ryerson, Christopher J and Kolb, Martin and Richeldi, Luca and Lee, Joyce and Wachtlin, Daniel and Stowasser, Susanne and Poletti, Venerino},
 doi = {10.1183/23120541.00127-2018},
 journal = {ERJ open research},
 number = {2},
 publisher = {Eur Respiratory Soc},
 title = {Effects of nintedanib in patients with idiopathic pulmonary fibrosis by GAP stage},
 volume = {5},
 year = {2019}
}

@article{rzhetsky2015choosing,
 author = {Rzhetsky, Andrey and Foster, Jacob G and Foster, Ian T and Evans, James A},
 doi = {10.1073/pnas.1509757112},
 journal = {Proceedings of the National Academy of Sciences},
 number = {47},
 pages = {14569--14574},
 publisher = {National Acad Sciences},
 title = {Choosing experiments to accelerate collective discovery},
 volume = {112},
 year = {2015}
}

@book{s87,
 author = {A. Salomaa},
 doi = {10.1201/b16376-6},
 publisher = {Academic Press Professional Inc. San Diego},
 title = {Formal Languages},
 year = {1987}
}

@book{s97,
 address = {New York},
 author = {W. Stewart},
 doi = {10.1007/978-1-4757-4828-4_4},
 isbn = {0792386175},
 publisher = {Springer},
 title = {Computational Probability: Numerical methods for computing stationary distribution of finite irreducible Markov chains},
 year = {1999}
}

@inproceedings{sak2014long,
 author = {Sak, Ha{\c{s}}im and Senior, Andrew and Beaufays, Fran{\c{c}}oise},
 booktitle = {Fifteenth annual conference of the international speech communication association},
 doi = {10.21437/Interspeech.2014-80},
 title = {Long short-term memory recurrent neural network architectures for large scale acoustic modeling},
 year = {2014}
}

@inproceedings{salvador2004fastdtw,
 added-at = {2015-11-25T17:38:49.000+0100},
 author = {Salvador, Stan and Chan, Philip},
 biburl = {https://www.bibsonomy.org/bibtex/227e16fbda46c4c8f6c173eea70c1ddab/s330790},
 booktitle = {KDD workshop on mining temporal and sequential data},
 doi = {10.3233/ida-2007-11508},
 interhash = {13ef33c1cca4e48a7327762d9d05e9fd},
 intrahash = {27e16fbda46c4c8f6c173eea70c1ddab},
 organization = {Citeseer},
 timestamp = {2015-12-11T21:36:11.000+0100},
 title = {FastDTW: Toward accurate dynamic time warping in linear time and space},
 year = {2004}
}

@article{sauleda2018idiopathic,
 author = {Sauleda, Jaume and N{\'u}{\~n}ez, Bel{\'e}n and Sala, Ernest and Soriano, Joan B},
 doi = {10.3390/medsci6040110},
 journal = {Medical Sciences},
 number = {4},
 pages = {110},
 publisher = {Multidisciplinary Digital Publishing Institute},
 title = {Idiopathic pulmonary fibrosis: epidemiology, natural history, phenotypes},
 volume = {6},
 year = {2018}
}

@article{schalk2004bci2000,
 author = {Schalk, Gerwin and McFarland, Dennis J and Hinterberger, Thilo and Birbaumer, Niels and Wolpaw, Jonathan R},
 doi = {10.1109/TBME.2004.827072},
 journal = {IEEE Transactions on biomedical engineering},
 number = {6},
 pages = {1034--1043},
 publisher = {IEEE},
 title = {BCI2000: a general-purpose brain-computer interface (BCI) system},
 volume = {51},
 year = {2004}
}

@article{schmidhuber2015deep,
 author = {Schmidhuber, J{\"u}rgen},
 doi = {10.1016/j.neunet.2014.09.003},
 journal = {Neural networks},
 pages = {85--117},
 publisher = {Elsevier},
 title = {Deep learning in neural networks: An overview},
 volume = {61},
 year = {2015}
}

@article{schoenheit2011a,
 author = {Schoenheit, G. and Becattelli, I. and Cohen, A.H.},
 citation-number = {14.},
 doi = {10.1177/1479972311416382},
 journal = {Chron Respir Dis},
 language = {en},
 number = {4},
 pages = {225–31},
 title = {Living with idiopathic pulmonary fibrosis: an in-depth qualitative survey of European patients},
 volume = {8},
 year = {2011}
}

@article{seibold2011common,
 author = {Seibold, Max A and Wise, Anastasia L and Speer, Marcy C and Steele, Mark P and Brown, Kevin K and Loyd, James E and Fingerlin, Tasha E and Zhang, Weiming and Gudmundsson, Gunnar and
Groshong, Steve D and others},
 doi = {10.3410/f.10416956.12151054},
 journal = {New England Journal of Medicine},
 number = {16},
 pages = {1503--1512},
 publisher = {Mass Medical Soc},
 title = {A common MUC5B promoter polymorphism and pulmonary fibrosis},
 volume = {364},
 year = {2011}
}

@inproceedings{sh81,
 acmid = {1623240},
 address = {San Francisco, CA, USA},
 author = {Shapiro, Ehud Y.},
 booktitle = {Proceedings of the 7th international joint conference on Artificial intelligence - Volume 1},
 doi = {10.2197/ipsjtbio.1.13},
 location = {Vancouver, BC, Canada},
 numpages = {6},
 pages = {446--451},
 publisher = {Morgan Kaufmann Publishers Inc.},
 title = {An algorithm that infers theories from facts},
 url = {http://dl.acm.org/citation.cfm?id=1623156.1623240},
 year = {1981}
}

@inproceedings{sh82,
 acmid = {582185},
 address = {New York, NY, USA},
 author = {Shapiro, Ehud Y.},
 booktitle = {Proceedings of the 9th ACM SIGPLAN-SIGACT symposium on Principles of programming languages},
 doi = {http://doi.acm.org/10.1145/582153.582185},
 isbn = {0-89791-065-6},
 location = {Albuquerque, New Mexico},
 numpages = {10},
 pages = {299--308},
 publisher = {ACM},
 series = {POPL '82},
 title = {Algorithmic program diagnosis},
 url = {http://doi.acm.org/10.1145/582153.582185},
 year = {1982}
}

@inproceedings{sh85,
 author = {Takeshi Shinohara},
 bibsource = {DBLP, http://dblp.uni-trier.de},
 booktitle = {Mathematical Methods of Specification and Synthesis of Software Systems},
 crossref = {DBLP:conf/aii/1985},
 doi = {10.1007/3-540-16444-8_3},
 ee = {http://dx.doi.org/10.1007/3-540-16444-8_3},
 pages = {41--58},
 title = {Some problems on inductive inference from positive data},
 year = {1985}
}

@article{sh94,
 author = {Takeshi Shinohara},
 bibsource = {DBLP, http://dblp.uni-trier.de},
 doi = {10.1006/inco.1994.1006},
 ee = {http://dx.doi.org/10.1006/inco.1994.1006},
 journal = {Inf. Comput.},
 number = {2},
 pages = {175--186},
 title = {Rich Classes Inferable from Positive Data: Length-Bounded Elementary Formal Systems},
 volume = {108},
 year = {1994}
}

@article{sha00,
 author = {Takeshi Shinohara and Hiroki Arimura},
 bibsource = {DBLP, http://dblp.uni-trier.de},
 doi = {10.1016/S0304-3975(99)00270-4},
 ee = {http://dx.doi.org/10.1016/S0304-3975(99)00270-4},
 journal = {Theor. Comput. Sci.},
 number = {1-2},
 pages = {191--209},
 title = {Inductive inference of unbounded unions of pattern languages from positive data},
 volume = {241},
 year = {2000}
}

@article{shalizi2010almost,
 author = {Shalizi, Cosma Rohilla and Kontorovich, Aryeh},
 doi = {10.1016/s0304-4149(01)00078-3},
 journal = {Lecture Notes},
 title = {Almost None of the Theory of Stochastic Processes},
 year = {2010}
}

@article{shannon1951,
 added-at = {2013-02-27T08:26:04.000+0100},
 author = {Shannon, Claude Elwood},
 doi = {10.1002/j.1538-7305.1951.tb01366.x},
 journal = {Bell System Technical Journal},
 month = {january},
 pages = {50--64},
 title = {Prediction and Entropy of Printed English},
 volume = {30},
 year = {1951}
}

@book{shapiro2009lectures,
 author = {Shapiro, A. and Dentcheva, D. and Ruszczy?ski, A.},
 doi = {10.1137/1.9780898718751},
 isbn = {9780898718751},
 publisher = {Society for Industrial and Applied Mathematics (SIAM, 3600 Market Street, Floor 6, Philadelphia, PA 19104)},
 series = {MOS-SIAM series on optimization},
 title = {Lectures on Stochastic Programming: Modeling and Theory},
 url = {https://books.google.com/books?id=7h7v97qUwPYC},
 year = {2009}
}

@inproceedings{sharan2017learning,
 author = {Sharan, Vatsal and Kakade, Sham M and Liang, Percy S and Valiant, Gregory},
 booktitle = {Advances in Neural Information Processing Systems},
 doi = {10.23919/eusipco.2017.8081302},
 pages = {940--949},
 title = {Learning overcomplete hmms},
 year = {2017}
}

@article{shgs96,
 author = {Sch{\"u}rmann, Thomas and Grassberger, Peter},
 doi = {10.1063/1.166191},
 journal = {CHAOS},
 number = {3},
 pages = {414--427},
 title = {Entropy estimation of symbol sequences},
 volume = {6},
 year = {1996}
}

@article{shi2015weaving,
 author = {Shi, Feng and Foster, Jacob G and Evans, James A},
 doi = {10.1016/j.socnet.2015.02.006},
 journal = {Social Networks},
 pages = {73--85},
 publisher = {Elsevier},
 title = {Weaving the fabric of science: Dynamic network models of science's unfolding structure},
 volume = {43},
 year = {2015}
}

@article{simonneau2019haemodynamic,
 author = {Simonneau, G{\'e}rald and Montani, David and Celermajer, David S and Denton, Christopher P and Gatzoulis, Michael A and Krowka, Michael and Williams, Paul G and Souza, Rogerio},
 doi = {10.1183/13993003.01913-2018},
 journal = {European Respiratory Journal},
 number = {1},
 publisher = {Eur Respiratory Soc},
 title = {Haemodynamic definitions and updated clinical classification of pulmonary hypertension},
 volume = {53},
 year = {2019}
}

@article{singh2020current,
 author = {Singh, Rishi P and Hom, Grant L and Abramoff, Michael D and Campbell, J Peter and Chiang, Michael F},
 doi = {10.1167/tvst.9.2.45},
 journal = {Translational Vision Science \& Technology},
 number = {2},
 pages = {45--45},
 publisher = {The Association for Research in Vision and Ophthalmology},
 title = {Current challenges and barriers to real-world artificial intelligence adoption for the healthcare system, provider, and the patient},
 volume = {9},
 year = {2020}
}

@article{sl09,
 author = {Schmidt, Michael and Lipson, Hod},
 citeulike-article-id = {4265776},
 citeulike-linkout-0 = {http://dx.doi.org/10.1126/science.1165893},
 citeulike-linkout-1 = {http://sciencemag.org/content/324/5923/81.abstract},
 citeulike-linkout-2 = {http://sciencemag.org/content/324/5923/81.full.pdf},
 citeulike-linkout-3 = {http://www.sciencemag.org/cgi/content/abstract/324/5923/81},
 citeulike-linkout-4 = {http://adsabs.harvard.edu/cgi-bin/nph-bib\_query?bibcode=2009Sci...324...81S},
 citeulike-linkout-5 = {http://view.ncbi.nlm.nih.gov/pubmed/19342586},
 citeulike-linkout-6 = {http://www.hubmed.org/display.cgi?uids=19342586},
 day = {3},
 doi = {10.1126/science.1165893},
 issn = {1095-9203},
 journal = {Science},
 month = {apr},
 number = {5923},
 pages = {81--85},
 pmid = {19342586},
 posted-at = {2009-04-15 13:32:30},
 priority = {2},
 title = {{Distilling Free-Form Natural Laws from Experimental Data}},
 url = {http://dx.doi.org/10.1126/science.1165893},
 volume = {324},
 year = {2009}
}

@article{sl11,
 author = {Schmidt, Michael D. and Vallabhajosyula, Ravishankar R. and Jenkins, Jerry W. and Hood, Jonathan E. and Soni, Abhishek S. and Wikswo, John P. and Lipson, Hod},
 citeulike-article-id = {9915688},
 citeulike-linkout-0 = {http://dx.doi.org/10.1088/1478-3975/8/5/055011},
 citeulike-linkout-1 = {http://iopscience.iop.org/1478-3975/8/5/055011},
 day = {01},
 doi = {10.1088/1478-3975/8/5/055011},
 issn = {1478-3975},
 journal = {Physical Biology},
 month = {oct},
 number = {5},
 pages = {055011+},
 posted-at = {2011-10-17 20:55:20},
 priority = {2},
 title = {{Automated refinement and inference of analytical models for metabolic networks}},
 url = {http://dx.doi.org/10.1088/1478-3975/8/5/055011},
 volume = {8},
 year = {2011}
}

@article{sl98,
 author = {R. Sengupta and S. Lafortune},
 doi = {10.1007/978-3-0348-9120-2_12},
 journal = {SIAM Journal on Control and Optimization},
 number = {2},
 pages = {488--541},
 title = {An Optimal Control Theory for Discrete Event Systems},
 url = {citeseer.ist.psu.edu/sengupta98optimal.html},
 volume = {36},
 year = {1998}
}

@inbook{so93,
 author = {Stolcke, Andreas and Omohundro, Stephen},
 booktitle = {Advances in Neural Information Processing Systems 5},
 doi = {10.1002/9781119125495.ch9},
 editor = {Hanson, S J and Cowan, J D and Giles, C LEditors},
 number = {Ml},
 pages = {11--18},
 publisher = {Morgan Kaufmann},
 title = {Hidden Markov Model Induction by Bayesian Model Merging},
 url = {http://citeseerx.ist.psu.edu/viewdoc/download?doi=10.1.1.43.470&rep=rep1&type=pdf},
 volume = {5},
 year = {1993}
}

@article{sol64,
 author = {Ray J. Solomonoff},
 bibsource = {DBLP, http://dblp.uni-trier.de},
 doi = {10.1016/S0019-9958(64)90223-2},
 journal = {Information and Control},
 number = {1},
 pages = {1--22},
 title = {A Formal Theory of Inductive Inference. Part I},
 volume = {7},
 year = {1964}
}

@article{spagnolo2014genetic,
 author = {Spagnolo, Paolo and Grunewald, Johan and du Bois, Roland M},
 doi = {10.1016/S2213-2600(14)70047-5},
 journal = {The Lancet Respiratory Medicine},
 number = {5},
 pages = {416--428},
 publisher = {Elsevier},
 title = {Genetic determinants of pulmonary fibrosis: evolving concepts},
 volume = {2},
 year = {2014}
}

@inproceedings{ss04,
 address = {Arlington, Virginia, United States},
 author = {Cosma Rohilla Shalizi and Kristina Lisa Shalizi},
 booktitle = {AUAI '04: Proceedings of the 20th conference on Uncertainty in artificial intelligence},
 doi = {10.3724/sp.j.1087.2009.02437},
 isbn = {0-9749039-0-6},
 location = {Banff, Canada},
 pages = {504--511},
 publisher = {AUAI Press},
 title = {Blind construction of optimal nonlinear recursive predictors for discrete sequences},
 year = {2004}
}

@article{ssc02,
 author = {Cosma Rohilla Shalizi and Kristina Lisa Shalizi and James P. Crutchfield},
 doi = {10.1007/978-3-658-36336-9_3},
 journal = {Technical Report, Santa Fe Institute},
 month = {October},
 title = {An Algorithm for Pattern Discovery in Time Series},
 url = {http://www.citebase.org/abstract?id=oai:arXiv.org:cs/0210025},
 year = {2002}
}

@article{sslst95,
 author = {M. Sampath and R. Sengupta and S. Lafortune and K. Sinnamohideen and D. Teneketzis},
 doi = {10.1109/9.412626},
 journal = { IEEE Transactions on Automatic Control},
 number = {9},
 pages = {1555--1575},
 title = {Diagnosability of discrete event system},
 volume = {40},
 year = {1995}
}

@book{st97,
 address = {New York},
 author = {W. Stewart},
 doi = {10.1007/978-1-4757-4828-4_4},
 isbn = {0792386175},
 publisher = {Springer},
 title = {Numerical methods for computing stationary distribution of finite irreducible Markov chains},
 year = {1999}
}

@article{stamp2004revealing,
 author = {Stamp, Mark},
 doi = {10.1201/9781315213262-2},
 journal = {Department of Computer Science San Jose State University},
 pages = {26--56},
 title = {A revealing introduction to hidden Markov models},
 year = {2004}
}

@article{stigler198233,
 author = {Stephen M. Stigler},
 doi = {http://dx.doi.org/10.1016/0167-7152(82)90010-4},
 issn = {0167-7152},
 journal = {Statistics \& Probability Letters},
 number = {1},
 pages = {33--35},
 title = {Poisson on the poisson distribution},
 url = {http://www.sciencedirect.com/science/article/pii/0167715282900104},
 volume = {1},
 year = {1982}
}

@article{strelioff2007inferring,
 author = {Strelioff, Christopher C and Crutchfield, James P and H{\"u}bler, Alfred W},
 doi = {10.1103/PhysRevE.76.011106},
 journal = {Physical Review E},
 number = {1},
 pages = {011106},
 publisher = {APS},
 title = {Inferring Markov chains: Bayesian estimation, model comparison, entropy rate, and out-of-class modeling},
 volume = {76},
 year = {2007}
}

@article{sugino_2021,
 author = {Keishi Sugino and Hirotaka Ono and Natsumi Watanabe and Masahiro Ando and Eiyasu Tsuboi and Sakae Homma and Kazuma Kishi},
 doi = {10.1186/s12890-021-01595-3},
 journal = {{BMC} Pulmonary Medicine},
 month = {jul},
 number = {1},
 publisher = {Springer Science and Business Media {LLC}},
 title = {Efficacy of early antifibrotic treatment for idiopathic pulmonary fibrosis},
 url = {https://doi.org/10.1186%2Fs12890-021-01595-3},
 volume = {21},
 year = {2021}
}

@book{sysid,
 author = {Ljung, Lennart},
 day = {08},
 doi = {10.1109/mra.2012.2192817},
 edition = {2},
 howpublished = {Hardcover},
 isbn = {0136566952},
 month = {jan},
 priority = {2},
 publisher = {Prentice Hall},
 title = {System Identification: Theory for the User (2nd Edition)},
 url = {http://www.worldcat.org/isbn/0136566952},
 year = {1999}
}

@article{sz91,
 acmid = {119512},
 address = {River Edge, NJ, USA},
 author = {Smith, Anthony W. and Zipser, David},
 doi = {10.1142/S0129065789000037},
 issn = {0129-0657},
 issue = {2},
 journal = {Int. J. Neural Syst.},
 month = {September},
 numpages = {7},
 pages = {125--131},
 publisher = {World Scientific Publishing Co., Inc.},
 title = {Learning sequential structure with the real-time recurrent learning algorithm},
 url = {http://dl.acm.org/citation.cfm?id=119510.119512},
 volume = {1},
 year = {1991}
}

@book{tao2011introduction,
 author = {Tao, Terence},
 doi = {10.1090/gsm/126},
 publisher = {American Mathematical Society Providence, RI},
 title = {An introduction to measure theory},
 year = {2011}
}

@article{tar146,
 author = {Robert Tarjan},
 doi = {10.1137/0201010},
 journal = {SIAM Journal on Computing},
 number = {2},
 pages = {146--160},
 publisher = {SIAM},
 title = {Depth-First Search and Linear Graph Algorithms},
 volume = {1},
 year = {1972}
}

@misc{tensorflow2015-whitepaper,
 author = { Mart\'{\i}n~Abadi and Ashish~Agarwal and Paul~Barham and Eugene~Brevdo and Zhifeng~Chen and Craig~Citro and Greg~S.~Corrado and Andy~Davis and Jeffrey~Dean and Matthieu~Devin and
Sanjay~Ghemawat and Ian~Goodfellow and Andrew~Harp and Geoffrey~Irving and Michael~Isard and Yangqing Jia and Rafal~Jozefowicz and Lukasz~Kaiser and Manjunath~Kudlur and
Josh~Levenberg and Dandelion~Man\'{e} and Rajat~Monga and Sherry~Moore and Derek~Murray and Chris~Olah and Mike~Schuster and Jonathon~Shlens and Benoit~Steiner and Ilya~Sutskever and
Kunal~Talwar and Paul~Tucker and Vincent~Vanhoucke and Vijay~Vasudevan and Fernanda~Vi\'{e}gas and Oriol~Vinyals and Pete~Warden and Martin~Wattenberg and Martin~Wicke and Yuan~Yu
and Xiaoqiang~Zheng},
 doi = {10.14711/thesis-991012936264103412},
 note = {Software available from tensorflow.org},
 title = { {TensorFlow}: Large-Scale Machine Learning on Heterogeneous Systems},
 url = {https://www.tensorflow.org/},
 year = {2015}
}

@article{thickett2020a,
 author = {Thickett, D. and Voorham, J. and Ryan, R.},
 citation-number = {15.},
 doi = {10.1136/bmjopen-2019-034428},
 journal = {BMJ Open},
 language = {it},
 number = {5},
 pages = {034428},
 title = {Historical database cohort study addressing the clinical patterns prior to idiopathic pulmonary fibrosis (IPF) diagnosis in UK primary care},
 volume = {10},
 year = {2020}
}

@article{thomas2002heterozygosity,
 author = {Thomas, Alan Q and Lane, Kirk and Phillips III, John and Prince, Melissa and Markin, Cheryl and Speer, Marcy and Schwartz, David A and Gaddipati, Radhika and Marney, Annis and
Johnson, Joyce and others},
 doi = {10.1164/rccm.200112-123OC},
 journal = {American journal of respiratory and critical care medicine},
 number = {9},
 pages = {1322--1328},
 publisher = {American Thoracic Society},
 title = {Heterozygosity for a surfactant protein C gene mutation associated with usual interstitial pneumonitis and cellular nonspecific interstitial pneumonitis in one kindred},
 volume = {165},
 year = {2002}
}

@article{ti90,
 author = {Tilove, R.B.},
 doi = {10.1109/ROBOT.1990.126041},
 journal = {Robotics and Automation, 1990. Proceedings., 1990 IEEE International Conference on},
 month = {May},
 pages = {566--571 vol.1},
 title = {Local obstacle avoidance for mobile robots based on the method of artificial potentials},
 year = {1990}
}

@article{tms86,
 author = {Thathachar, Mandayam A. L. and Sastry, P. S.},
 doi = {10.1109/TPAMI.1986.4767779},
 issn = {0162-8828},
 journal = {Pattern Analysis and Machine Intelligence, IEEE Transactions on},
 month = {March },
 number = {2},
 pages = {256--268},
 title = {Relaxation Labeling with Learning Automata},
 volume = {PAMI-8},
 year = {1986}
}

@article{topol2019high,
 author = {Topol, Eric J},
 doi = {10.1038/s41591-018-0300-7},
 journal = {Nature medicine},
 number = {1},
 pages = {44--56},
 publisher = {Nature Publishing Group},
 title = {High-performance medicine: the convergence of human and artificial intelligence},
 volume = {25},
 year = {2019}
}

@article{tor95,
 author = {Pietro Torasso and Luca Console and Luigi Portinale and Daniele Theseider Dupre},
 doi = {10.1145/212094.212126},
 journal = {ACM Computing Surveys},
 pages = {27--3},
 title = {On the role of Abduction},
 volume = {27},
 year = {1995}
}

@article{torres2014a,
 author = {JP, Torres and C, Casanova and JM, Marin},
 citation-number = {23.},
 doi = {10.1136/thoraxjnl-2014-205770},
 journal = {Thorax},
 language = {fr},
 number = {9},
 pages = {799–804},
 title = {Prognostic evaluation of COPD patients: GOLD 2011 versus BODE and the COPD comorbidity index COTE},
 volume = {69},
 year = {2014}
}

@article{torrisi2017start,
 author = {Torrisi, Sebastiano Emanuele and Pavone, Mauro and Vancheri, Ada and Vancheri, Carlo},
 doi = {10.1183/16000617.0053-2017},
 journal = {European Respiratory Review},
 number = {145},
 publisher = {Eur Respiratory Soc},
 title = {When to start and when to stop antifibrotic therapies},
 volume = {26},
 year = {2017}
}

@inproceedings{trahtman2008road,
 author = {Trahtman, Avraham N},
 booktitle = {Proc. of Prague stringology conference},
 doi = {10.46298/dmtcs.3455},
 organization = {Citeseer},
 pages = {12},
 title = {The Road Coloring and \u{C}ern\'{y} conjecture},
 volume = {1},
 year = {2008}
}

@book{tsy09,
 author = {Tsybakov, A.B.},
 doi = {10.1007/b13794},
 isbn = {9780387790510},
 lccn = {2008939894},
 publisher = {Springer},
 series = {Springer series in statistics},
 title = {Introduction to nonparametric estimation},
 year = {2009}
}

@article{tzouvelekis2019common,
 author = {Tzouvelekis, Argyris and Gomatou, Georgia and Bouros, Evangelos and Trigidou, Rodoula and Tzilas, Vasilios and Bouros, Demosthenes},
 doi = {10.1016/j.chest.2019.04.114},
 journal = {Chest},
 number = {2},
 pages = {383--391},
 publisher = {Elsevier},
 title = {Common pathogenic mechanisms between idiopathic pulmonary fibrosis and lung cancer},
 volume = {156},
 year = {2019}
}

@article{usui2011prevalence,
 author = {Usui, Kazuhiro and Tanai, Chiharu and Tanaka, Yoshiaki and Noda, Hiromichi and Ishihara, Teruo},
 doi = {10.1111/j.1440-1843.2010.01907.x},
 journal = {Respirology},
 number = {2},
 pages = {326--331},
 publisher = {Wiley Online Library},
 title = {The prevalence of pulmonary fibrosis combined with emphysema in patients with lung cancer},
 volume = {16},
 year = {2011}
}

@article{valiant84,
 acmid = {1972},
 address = {New York, NY, USA},
 author = {Valiant, L. G.},
 doi = {http://doi.acm.org/10.1145/1968.1972},
 issn = {0001-0782},
 issue = {11},
 journal = {Commun. ACM},
 month = {November},
 numpages = {9},
 pages = {1134--1142},
 publisher = {ACM},
 title = {A theory of the learnable},
 volume = {27},
 year = {1984}
}

@article{van2010surfactant,
 author = {van Moorsel, Coline HM and van Oosterhout, Matthijs FM and Barlo, Nicole P and de Jong, Pim A and van der Vis, Joanne J and Ruven, Henk JT and van Es, H Wouter and van den Bosch,
Jules MM and Grutters, Jan C},
 doi = {10.1164/rccm.200906-0953OC},
 journal = {American journal of respiratory and critical care medicine},
 number = {11},
 pages = {1419--1425},
 publisher = {American Thoracic Society},
 title = {Surfactant protein C mutations are the basis of a significant portion of adult familial pulmonary fibrosis in a dutch cohort},
 volume = {182},
 year = {2010}
}

@article{van2020review,
 author = {Van Houdt, Greg and Mosquera, Carlos and N{\'a}poles, Gonzalo},
 doi = {10.1007/s10462-020-09838-1},
 journal = {Artif. Intell. Rev.},
 number = {8},
 pages = {5929--5955},
 title = {A review on the long short-term memory model.},
 volume = {53},
 year = {2020}
}

@article{vancheri2010idiopathic,
 author = {Vancheri, C and Failla, M and Crimi, N and Raghu, G},
 doi = {10.1183/09031936.00077309},
 journal = {European Respiratory Journal},
 number = {3},
 pages = {496--504},
 publisher = {Eur Respiratory Soc},
 title = {Idiopathic pulmonary fibrosis: a disease with similarities and links to cancer biology},
 volume = {35},
 year = {2010}
}

@article{vandantzig1951consistency,
 author = {vanDantzig, David},
 doi = {10.1016/s1385-7258(51)50001-x},
 journal = {Stichting Mathematisch Centrum. Statistische Afdeling},
 number = {SD 4/51},
 publisher = {Stichting Mathematisch Centrum},
 title = {On the consistency and the power of Wilcoxon's two sample test:(Proceedings KNAW series A, 54 (1951), nr 1, Indagationes Mathematicae, 13 (1951), p 1-8)},
 year = {1951}
}

@book{vidyasagar2014hidden,
 author = {Vidyasagar, Mathukumalli},
 doi = {10.1515/9781400850518},
 publisher = {Princeton University Press},
 title = {Hidden markov processes: Theory and applications to biology},
 volume = {44},
 year = {2014}
}

@article{vining2013evidence,
 author = {Vining, Robert and Potocki, Eric and Seidman, Michael and Morgenthal, A Paige},
 doi = {10.1016/b978-0-323-07293-9.00001-5},
 journal = {The Journal of the Canadian Chiropractic Association},
 number = {3},
 pages = {189},
 publisher = {The Canadian Chiropractic Association},
 title = {An evidence-based diagnostic classification system for low back pain},
 volume = {57},
 year = {2013}
}

@article{vtcc05,
 author = {Vidal, E. and Thollard, F. and de la Higuera, C. and Casacuberta, F. and Carrasco, R.C.},
 doi = {10.1109/TPAMI.2005.147},
 issn = {0162-8828},
 journal = {Pattern Analysis and Machine Intelligence, IEEE Transactions on},
 month = {July },
 number = {7},
 pages = {1013--1025},
 title = {Probabilistic finite-state machines - part I},
 volume = {27},
 year = {2005}
}

@article{vtcc205,
 author = {Vidal, E. and Thollard, F. and de la Higuera, C. and Casacuberta, F. and Carrasco, R.C.},
 doi = {10.1109/TPAMI.2005.148},
 issn = {0162-8828},
 journal = {Pattern Analysis and Machine Intelligence, IEEE Transactions on},
 month = {July },
 number = {7},
 pages = {1026--1039},
 title = {Probabilistic finite-state machines - part II},
 volume = {27},
 year = {2005}
}

@book{w01,
 author = {W. Wonham},
 doi = {10.1007/BFb0008476},
 publisher = {Department of Electrical Engineering, University of Toronto, Canada},
 title = {Control of Discrete-Event Systems},
 year = {2001}
}

@article{w97,
 author = {K. Wong},
 doi = {10.1007/978-1-4613-9347-4_9},
 journal = {IEEE Workshop on Discrete Event Systems},
 pages = {201--208},
 title = {On the complexity of projections of discrete-event systems},
 year = {1998}
}

@article{wallace2014optum,
 author = {Wallace, Paul J and Shah, Nilay D and Dennen, Taylor and Bleicher, Paul A and Crown, William H},
 doi = {10.1377/hlthaff.2014.0038},
 journal = {Health Affairs},
 number = {7},
 pages = {1187--1194},
 title = {Optum Labs: building a novel node in the learning health care system},
 volume = {33},
 year = {2014}
}

@article{walsh2020a,
 author = {Walsh, S.L.F. and Humphries, S.M. and Wells, A.U. and Brown, K.K.},
 citation-number = {25.},
 doi = {10.1016/S2213-2600(20)30003-5},
 journal = {Lancet Respir Med},
 language = {en},
 number = {11},
 pages = {1144–53},
 title = {Imaging research in fibrotic lung disease; applying deep learning to unsolved problems},
 volume = {8},
 year = {2020}
}

@article{walsh2020imaging,
 author = {Walsh, Simon LF and Humphries, Stephen M and Wells, Athol U and Brown, Kevin K},
 doi = {10.1016/S2213-2600(20)30003-5},
 journal = {The Lancet Respiratory Medicine},
 publisher = {Elsevier},
 title = {Imaging research in fibrotic lung disease; applying deep learning to unsolved problems},
 year = {2020}
}

@article{walters1982introduction,
 author = {Walters, Peter},
 doi = {10.1017/cbo9780511629389.002},
 journal = {Graduate Texts in Mathematics},
 title = {An introduction to ergodic theory. 1982},
 year = {1982}
}

@article{wang2009genetic,
 author = {Wang, Yongyu and Kuan, Phillip J and Xing, Chao and Cronkhite, Jennifer T and Torres, Fernando and Rosenblatt, Randall L and DiMaio, J Michael and Kinch, Lisa N and Grishin, Nick V
and Garcia, Christine Kim},
 doi = {10.1016/j.ajhg.2008.11.010},
 journal = {The American Journal of Human Genetics},
 number = {1},
 pages = {52--59},
 publisher = {Elsevier},
 title = {Genetic defects in surfactant protein A2 are associated with pulmonary fibrosis and lung cancer},
 volume = {84},
 year = {2009}
}

@article{wells2003idiopathic,
 author = {Wells, Athol U and Desai, Sujal R and Rubens, Michael B and Goh, Nicole SL and Cramer, Derek and Nicholson, Andrew G and Colby, Thomas V and Du Bois, Roland M and Hansell, David M},
 doi = {10.1164/rccm.2111053},
 journal = {American journal of respiratory and critical care medicine},
 number = {7},
 pages = {962--969},
 publisher = {American Thoracic Society},
 title = {Idiopathic pulmonary fibrosis: a composite physiologic index derived from disease extent observed by computed tomography},
 volume = {167},
 year = {2003}
}

@article{wg82,
 author = {Wegman, Edward J. and Gould, Jerren},
 doi = {10.1109/TPAMI.1982.4767292},
 issn = {0162-8828},
 journal = {Pattern Analysis and Machine Intelligence, IEEE Transactions on},
 month = {Sept. },
 number = {5},
 pages = {485--492},
 title = {Automata in Random Environments with Application to Machine Intelligence},
 volume = {PAMI-4},
 year = {1982}
}

@incollection{wilcoxon1992individual,
 author = {Wilcoxon, Frank},
 booktitle = {Breakthroughs in statistics},
 doi = {10.1007/978-1-4612-4380-9_16},
 pages = {196--202},
 publisher = {Springer},
 title = {Individual comparisons by ranking methods},
 year = {1992}
}

@article{will99,
 author = {Willinger, Walter and Taqqu, Murad S and Teverovsky, Vadim},
 doi = {10.1007/s007800050049},
 journal = {Finance and Stochastics},
 number = {1},
 pages = {1--13},
 title = {Stock market prices and long-range dependence},
 url = {http://www.springerlink.com/openurl.asp?genre=article&id=doi:10.1007/s007800050049},
 volume = {3},
 year = {1999}
}

@article{wn92,
 author = {T. S. Wikman and W.S. Newman},
 doi = {10.1109/robot.1992.220253},
 journal = { Proceedings of IEEE International Conference on Robotics and Automation},
 pages = {261--266},
 title = {A fast, on-line collision avoidance method for a kinematicallyredundant manipulator based on reflex control},
 volume = {1},
 year = {1992}
}

@article{world1988international,
 author = {World Health Organization and others},
 doi = {10.7326/0003-4819-88-3-424},
 journal = {Weekly Epidemiological Record= Relev{\'e} {\'e}pid{\'e}miologique hebdomadaire},
 number = {45},
 pages = {343--344},
 title = {INTERNATIONAL CLASSIFICATION OF DISEASES—NINTH REVISION (ICD-9)},
 volume = {63},
 year = {1988}
}

@article{wu2019computed,
 author = {Wu, Xiaoping and Kim, Grace H and Salisbury, Margaret L and Barber, David and Bartholmai, Brian J and Brown, Kevin K and Conoscenti, Craig S and De Backer, Jan and Flaherty, Kevin R
and Gruden, James F and others},
 doi = {10.1164/rccm.201803-0444PP},
 journal = {American journal of respiratory and critical care medicine},
 number = {1},
 pages = {12--21},
 publisher = {American Thoracic Society},
 title = {Computed tomographic biomarkers in idiopathic pulmonary fibrosis. The future of quantitative analysis},
 volume = {199},
 year = {2019}
}

@article{wu2019there,
 author = {Wu, Ann Chen},
 doi = {10.1016/j.jaip.2019.05.023},
 journal = {The Journal of Allergy and Clinical Immunology: In Practice},
 number = {8},
 pages = {2592--2593},
 publisher = {Elsevier},
 title = {There's an App for That, But Does It Work?},
 volume = {7},
 year = {2019}
}

@article{ww04,
 author = {K. Wong and W. Wonham},
 doi = {10.1023/B:DISC.0000005010.55515.27},
 journal = {Discrete Event Dynamic Systems},
 number = {1},
 pages = {55--107},
 title = {The computation of observers in discrete-event systems},
 volume = {14},
 year = {2004}
}

@book{yan1998introductionmachinecomputation,
 author = {Yan, Song Y},
 doi = {10.1142/2659},
 publisher = {World Scientific},
 title = {An introduction to formal languages and machine computation},
 year = {1998}
}

@inproceedings{yang2015statistical,
 author = {Yang, Fanny and Balakrishnan, Sivaraman and Wainwright, Martin J},
 booktitle = {2015 53rd Annual Allerton Conference on Communication, Control, and Computing (Allerton)},
 doi = {10.1109/ALLERTON.2015.7447067},
 organization = {IEEE},
 pages = {658--665},
 title = {Statistical and computational guarantees for the Baum-Welch algorithm},
 year = {2015}
}

@inproceedings{zhang2018improved,
 author = {Zhang, Zijun},
 booktitle = {2018 IEEE/ACM 26th International Symposium on Quality of Service (IWQoS)},
 doi = {10.1109/IWQoS.2018.8624183},
 organization = {IEEE},
 pages = {1--2},
 title = {Improved adam optimizer for deep neural networks},
 year = {2018}
}

@article{zhang2019multiple,
 author = {Zhang, Ke and Guo, Yurong and Wang, Xinsheng and Yuan, Jinsha and Ding, Qiaolin},
 doi = {10.1109/ACCESS.2018.2890127},
 journal = {IEEE Access},
 pages = {9872--9880},
 publisher = {IEEE},
 title = {Multiple feature reweight DenseNet for image classification},
 volume = {7},
 year = {2019}
}
